1839 2525
271 149 1571 230 Richtlinien f端r die Dur<hf端hrung der Ausbildung
269 243 1572 307 Das Berufsbild und die顛e Richtlinien gelten fur die Ausbildung und Er-
269 289 1366 345 ziehung von Jugendlichen im Alter zwi顛chen 14 und 18 Jahren.
269 348 1573 404 Die顛e Ausbildung unter顛cheidet fich von der bisher bei Erwach顛enen durch:
270 397 1574 452 gefuhrten mehr oder wemger kurzen Anlernung und mecht planmaigen
270 441 1574 496 Fortbildung nacb der er顛ten Anlernung dadurch, da fie im allgemeinen
269 488 1573 542 auf einer Grundausbildung aufbaut, 顛tarker in die Breite geht und plan-
271 531 1574 586 m辰ig ge顛taltet wird. Die Cinzelanlernung Erwach顛ener wird hierdurch
270 577 1576 633 nicht ausge顛chaltet, 顛ondern die planmaige Jugendlichenausbildung tritt
270 623 710 673 als neue Form neben 顛ie.
269 681 1637 759 Grund顛辰lich ift die顛e Form der Heranbildung eines Jugendlichennah (FF
270 726 1574 784 wuch顛es dort zu empfehlen, wo die Art der Berufst辰tigkeit eine Ausbildung
271 775 1574 829 oder auch eine vorbereitende Ausbildung im jugendlichen Alter zul辰t und
270 818 1575 874 wo hierdurch eine Steigerung der beruflichen Lei顛tungen in der Erwach顛enen-
270 865 681 915 t辰tigkeit zu erwarten i顛t,
273 990 939 1045 1. We顛en und Inhalt des Berufes
325 1062 1579 1115 Bei den Berufen, f端r die hin顛ichtlih der prakti顛chen Ausbildung eine ein-
323 1107 1579 1161 bis zweijahrige Berufs8ausbildungszeit gen端gt, ift grund顛辰lich zu unter-
323 1153 781 1206 顛cheiden zwi顛chen Berufen,
325 1219 1580 1273 a) bei denen cine Ausbildung notig ift, die fich unmittelbar auf die
372 1264 1580 1315 顛p辰tere Berufstatigkeit richtet (z. B. Bohrer, Seiden顛toffweber, Dber-
371 1310 1582 1361 lederzu顛chneider, Gerateglagmacher, Me顛顛erklingen顛chleifer, Fi顛chrauche-
371 1355 1580 1409 rer, Schirmge顛tellmacher u. a. m.) und ber denen der Ausgebildete nach
372 1402 1581 1453 Ab顛chlu der Berufsausbildungszeit befalugt ift, in dem Beruf, fur den
372 1450 1444 1501 er vorbereitet iit, produkte Arbeiten felbftandig auszufuhren,
323 1511 1580 1565 b) und 顛olchen, bei denen die Ausbildung allgemeiner Natur ift und dem-
372 1556 1580 1610 ent顛prechend mehr mittelbar zu dem einen oder anderen Beruf einer
373 1601 1581 1655 Gruppe von art辰hnlichen Erwach顛enenberufen vorbereitet und hinf端hrt.
373 1649 1561 1703 Gegen Ende oder nach der Ausbildungszeit ift hierbei eine Einarbeitun
370 1692 1581 1748 in ein be顛timmtes T辰tigkeitsgebiet notwendig, die erft zu 顛elb顛t辰ndiger
373 1738 1581 1795 beruflicher Lei顛tung f端hrt, weil in der Regel die 顛elb顛t辰ndige Aus端bung
373 1785 1582 1837 die顛es Berufes im jugendlichen Alter mit R端ck顛icht auf Anforderungen
373 1831 1581 1884 phy顛i顛cher und charakterlicher Art 顛owie im Hinbli> auf die noch zu geringe
375 1877 1582 1930 Berufserfahrung nicht moglich ift (z. B. Papiermacher, S辰ger u.a. m.)
327 1951 1587 2002 Dem We顛en nach handelt es fich beim Autogenbrenner um einen Beruf,
326 1995 1585 2048 f炭r den eine Ausb1ldung erfolgen kann, die unmittelbar auf den Berufs-
326 2043 935 2095 inhalt des Erwach顛enen gerichtet ift.
328 2105 1586 2158 Von der T辰tigkeit eines Hilfsarbeiters unter顛cheidet 顛ich die Tatigkeit des
328 2152 1588 2205 Autogenbrenners in顛ofern, als der Hilfsarbeiter infolge einer nur kurzen
328 2199 1588 2251 Einarbeitung nur leichte Schnerdarbeiten mit einfachen Brennwerkzeugen
