1166 1654
105 474 120 507 Du
270 119 854 170 Berufsbild der Apotheken-Helferin
369 172 755 215 (für die betriebliche Ausbildung)
412 221 710 259 Ausbildungszeit: 2 Jahre
128 260 994 303 Das Berufsbild ist für die Ausbildung Jugendlicher verbindlich, auch dann, wenn
127 283 857 323 sich das Ende der Ausbildung mit dem 18. Lebensjahr überschneidet.
126 378 674 425 Arbeitsgebiet der Apotheken-Helferin
127 413 992 451 Ala Arbeitsgebiet sind hier die typischen Arbeiten des erfahrenen Berufsträgers aufgeführt, soweit sie zur
186 435 975 465 <. . Met“ rr,
125 502 379 533 Arbeitsgebietes umsetzbar ist.
126 537 877 582 Einfache kaufmännische und technische Arbeiten in Apotheken.
124 585 719 623 Ausgestalten von Schaufenstern und Schaukästen.
124 625 656 668 Pflegen und Instandhalten der Arbeitsgeräte.
124 709 986 758 Fertigkeiten und Kenntnisse, die in der Ausbildungszeit zu ver-
123 743 277 776 mitteln sind
123 772 987 808 Kenntnisse, die mit dem Erlernen der nachstehend genannten Fertigkeiten zwangsläufig verbunden und
122 791 987 827 Voraussetzung für die richtige Anwendung der Fertigk: iten aind, werden hier nicht gesondert auf-
122 806 986 853 geführt, Dies bezieht sich auch auf die init der Berufstätigkeit zusammenbängenden "Arbeitsschutz
133 826 986 862 estimmungen (z. B. fewer ” liche no. - Ws
122 840 986 879 schutzgesets). Alle erfor »- K * werden * wie der Umfang der Fertigkeiten im
123 859 512 894 Berufsbil \ungsplan ausführlich erläutert.
120 911 277 949 Notwendige:
120 960 985 999 Kennen der Organisation des Apotheken-Betriebes hinsichtlich der Waren
120 983 324 1023 und Erzeugnisse.
119 1031 983 1075 Kennen der wichtigsten gesetzlichen Bestimmungen des Apotheken-
119 1058 240 1088 Betriebes.
117 1099 541 1141 Arbeiten für die Warenbehandlung:
117 1126 617 1168 Ausführen von Bestellungen nach Angabe.
116 1155 878 1193 Annehmen, Vergleichen, Auszeichnen und Einordnen der Waren.
117 1181 592 1219 Hilfsarbeiten in der Apothekendefektur.
115 1205 981 1253 Abfüllen bzw. Ab' acken und Verkaufsfertigmachen von Eigenerzeugnissen.
115 1233 638 1273 Verwalten und Pi egen von Lagerbeständen.
116 1279 561 1317 Kaufmännische Verwaltungsarbeiten:
115 1304 797 1348 Einfache Arbeiten in der Betriebs- und Lohnbuchhaltung.
114 1328 421 1364 Arbeiten im Geldverkehr,
114 1355 980 1396 Ausführen aller Berechn: ;sarbeiten für den Kreditverkehr insbesondere
113 1369 645 1424 mit den Versicherungs- ‘und Fürsorgeträgern.
112 1410 410 1448 Prüfen von Rechnungen.
489 1462 604 1492 Bútte wenden!
111 1497 978 1538 5d BG. Teubner Leipzig Best.Nr. B 686.27
126 435 992 470 Kennzeichnung und Abgrenzung des Berufes erfor! "+ sind. Eine + e ‚zeitweise
126 449 992 485 Beschränkung auf Einzeltä ‘1% ——- “am if Heoder Ar © verfahren iat
124 466 971 505 nicht besonders sum Ausdruck ;ebracht, weil durch die Breite und Einheitlichkeit der vorgeschrieben:
125 477 912 519 Aosbildung erreicht wird, daß jeder Berufsträger nach einer Anloufzeit* "pides
