1654 2339
279 152 445 195 Anreißen
276 200 1491 246 E: Sichtbarmachen der Bearbeitungsgrenge durch Anreißen mit Reißnadel, Parallel-
277 244 1448 290 reißer und Zirkel. Winkel anwenden. Körnen an den verſchiedenſten Werkſtoffen.
327 302 1187 340 Arbeitsbeiſpiele: An nachfolgenden Übungsarbeiten ausführen.
278 353 1492 401 K: Gute Anriſſe nur durch ſorgfältig bergerichtete Anreißwerkzeuge. Durch Nach:
279 395 1495 444 läſſigkeit beim Anreißen koſtſpielige Nacharbeiten und Unbrauchbarwerden weit
278 437 1494 484 vorgearbeiteter Werkſtücke. Bearbeitungszugaben in Abhängigkeit von der verlangten
278 481 525 525 Oberflächengüte.
282 602 397 644 Feilen
281 649 1495 695 F: Flächen und einfache Formen dur Schrupp- und Schlichtfeilen unter Verwen-
281 692 1256 738 dung von Zlat, Dreikant-, Vierkant- und Rundfecilen bearbeiten.
331 748 1496 789 Arbeitsbeiſpiele: Släðen, Rundungen, Sajen, Dreitante, Viertante unö Durchbrüche an
331 778 1497 818 Sormſtaht (DT 5591, 5592, 5503, 5505, 5506, 5507, 5508, 5511, 5512). Släcen und Sajen an
333 806 1494 847 Gußwertitüden (DT 5599, 5510). Slächen und Kanten an Bleġteilen und Banöjtahl (DT 5513,
332 837 1231 876 5514, 5515, 5516, 5518, 5519, 5521). Einfache Werijeuge (DT 5522, 5532).
283 888 1496 936 Re Schneidvorgang beim Feilen, Unterſcheidungsmerkmale der Feilenformen, Hieb-
283 932 934 977 arten. SchraubſtoŒhöhe und Körperhaltung.
286 1050 435 1094 Metßeln
284 1099 1498 1145 F: Meißeln mit Flach-, Kreuz- und Nutenmeißel. Grat abmeißeln. Flachwerkſtoff
287 1142 904 1186 und Bleche trennen. Meißeln von Nuten.
334 1198 1497 1238 Arbeitsbeiſpiele: Släðen an Slaciftaßl (DT 5594, 5505). Stächen unó Ruten an Guf-
335 1227 1498 1268 wertſtüden (DT 5509); Bleche und Blechteile. Schmiernuten in Lagern, Sührungsnuten in Ventil-
337 1260 513 1298 totbenbähnen.
288 1309 1497 1355 K: Meißelarten, Verwendung nach Art und Stärke des Werkſtoffes, Meißelhaltung
287 1353 1498 1399 und Schlagführung. Hinweiſen, daß am Meißelkopf entſtandener Grat entfernt
288 1388 752 1431 werden mußz Ünfallverhütung.
288 1507 404 1550 Sägen
286 1554 1499 1599 F: Câgen von Hand und maſchinell. Sägeblätter und Werkſtücke einſpannen.
288 1594 1499 1641 Trennen von Stangen, Rohren und Rohwerkſtoff. Geraden Schnitt ausführen.
290 1637 1156 1683 Bleche zwiſchen Blechſpanner oder zwiſchen Winkel ſägen.
339 1693 1497 1734 Arbeitsbeiſpiele: Profilz, Slacj-, Banöſtahl und Rohre auf Länge ſcneiden (DT 5596,
338 1721 1501 1766 5517). Weitere Sägearbeiten an Arbeiten des Grunölehrganges unò Jonjtigen Arbeiten des
341 1758 468 1785 Betriebes.
291 1803 1501 1848 E: ArbeitSweiſe der Sägezähne. Arten der Sägen. Schränkung der Sägezähne mit
291 1842 1500 1893 Rüefſicht auf Freiſchneiden. Handſäge arbeitet auf Stoß, Maſchinenſäge auf Zug.
291 1886 1500 1932 Abhängigkeit der Größe und Dichte der Zähne von der Art und Härte des zu bez
293 1930 649 1975 arbeitenden Werkſtoffes.
293 1969 1502 2017 Notwendigkeit feſter Sägenführung und ſorgfältiger Behandlung der Zähne zur
294 2015 783 2060 Erzielung ſcharfer Schnitikanten.
295 2069 337 2109 10
