1654 2339
204 141 382 184 Hämmern
201 191 1415 238 F: Bleche und Blechteile hämmern. Größe des Hammers nah Werkſtoffart und
204 232 1414 279 Stärke wählen. Siß der Schläge und gleichbleibende Abſtände beim Formhämmern
204 278 420 319 beachten. 9
254 333 907 373 Arbeitsbeiſpiele: Bandjtahl (DT 5522), Bleche.
203 385 1414 431 K: Verhalten des Werkſtoffes beim Hämmernz Dehnungsunterſchiede der Werkſtoffe.
203 503 325 546 Nieten
200 555 1415 600 F: Herſtellen von Nietverbindungen durch Kalt- und Warmnieten. Zuſammennieten
201 596 1413 642 von Blechen und Profilwerkſtücken. Unter Benußung des Duxchſchlages ausnieten.
251 655 1412 693 Arbeitsvbeiſviele: Vernieiung von Banöftaßl (DT 5519), Blechen unó Blechteilen zu
253 684 407 721 Wertlſtüden.
202 735 1412 781 K: Arten der Niete und Niectverbindungen, Nietnormen für Bohrloch und Niet-
200 780 385 822 durchmeſſer-
200 889 377 930 Stempeln
199 936 1410 983 F: Werkſtücke verſchiedenen Werkſtoffes mit Schlagzahlen ſtempeln. Glatte Auflage
199 979 1410 1024 ſowie Richtungszeichen an der Schlagzahl beachten, einmal zuſchlagen. Gegeben-
200 1020 554 1065 falls Hilfslinien ziehen.
249 1078 1064 1117 Arbeitsbeiſpiele: Xennzeihnung von Wertjtiden (DT 5509).
199 1130 1409 1175 R: Arbeitsvorgang beim Stempeln. Unterſchiebe in der zu ſtempelnden Werkſtoff-
198 1171 1259 1225 härte. Gefahr der Härterißbildung und Formänderung beim Stempeln.
197 1289 579 1333 Weth- und Hartlöten
195 1339 1407 1389 F: Lötſtellen vor dem Löten ſorgfältig durch Feilen oder Schaben reinigen. Weich:
197 1381 1408 1428 [öten mit Lötkolben over Lötflamme, Hartlöten mit Blaubrenner, Lötpiſtole oder
195 1423 1081 1469 Holzkohlenfeuer. Flußmittel nach erfolgtem Löten entfernen.
246 1481 1104 1520 Arbeitsbeciſpicle: Weicjtölung von Btechteilen (DT 5527, 5528).
244 1511 991 1551 Harttötung von Einzelteilen zu Wertjtüden (DT 5508, 5517).
194 1560 1110 1605 Lötkolbenformen ‘
194 1612 1405 1658 K: Lötvorgang, Art und Zwect der Flußmittel. Löttemperaturen. Metalliſch reine
193 1653 1405 1704 Oberfläche Vorbedingung jeder guten Lötung, Anwendung der Weichlötung für
194 1696 1255 1740 weniger beanſpruchte und der Hartlötung für ſtärker beanſpruchte Teile.
193 1809 569 1854 Schneiden mit Schere
191 1860 1402 1907 F: Bleche mit Handblechſchere und Hebelſchere nach vorgezeichneten Riß ſchneiden.
242 1918 1401 1961 Arbeitsbeiſpiele: Bleie unò Blechteile (DT 5527, 5528), Banöjtaßl, Sla<ftaßl (DT 5518,
241 1947 317 1984 5521).
191 1998 765 2045 E: Arten der Scheren, Abſchervorgang.
