1654 2339
297 151 1513 201 werden, die Leitungen und die Fhrung ihrer Shne durch Einichtnahme in das
296 193 1513 244 Werkbuch owie die halbjhrlichen Betriebs- und Berufs\chulzeugnie kennenzu-
295 235 1430 286 lernen und ich von Zeit zu Zeit nah dem Stand der Leitungen zu erkundigen.
294 279 1512 328 Der Lehrling mu zu guter kameradchaftlicher Haltung erzogen werden durch
294 320 1513 369 Arbeitskameradchaften im Betrieb und Klaenkameradchaften in der Schule.
296 363 1368 410 Empfohlen wird auch die Abhaltung von Lehrlings- und Elternabenden.
294 404 1511 456 Ausbilder und Lehrer men bei aller Strenge der Erziehung dem Jungen vterliche
294 450 539 491 Kameraden ein.
294 490 1512 540 Dex Lehrling mu fich der BetriebSgemeinchaft verbunden fhlen und tolz auf
295 531 1510 584 einen Betrieb ein. Die Kenntnis der Gechichte und der Bedeutung des Unter-
294 575 1510 623 nehmens owie die Ausicht, in dem Betrieb nach der Lehre als tchtiger Facharbeiter
294 617 1510 666 mitarbeiten zu nnen, verpflichten ihn der Betriebsgemeinchaft. LehrlingSheime
294 659 1347 711 und Untertzung bei der Freizeitgetaltung trken dic Verbundenheit.
295 701 1510 751 Der Lehrling mu von der Betriebsgemeinchaft zur Volksgemeinchaft gefhrt
294 742 1509 793 werden. Ausbilder und Lehrer ollen fich mit ihm gemeinam an Verantaltungen
293 785 1508 833 des Staates beteiligen und ihm den Gemeinchaftsgedanken vorleben. Jeder Mus-
294 825 1508 876 bilder und Lehrer mu als Erzieher wien, da das bete Mittel der Erziehung das
295 868 634 914 eigene gute Beipiel ift.
294 1005 847 1062 B. Die berufliche Ausbildung
292 1081 1508 1135 Der Beruf des Automateneinrichters ift, wie aus dem Berufsbild hervorgeht,
292 1126 1505 1179 zum Teil verwandt mit der Ttigkeit des Drehers, Werfzeugmachers und
291 1172 1505 1229 Machinenchloers. Da der Beruf des Automateneinrichters fich gewier-
292 1222 1506 1275 maen aus den vorher genannten drei Grundberufen zuammenet, geht
290 1265 1506 1320 es niht an, den Lehrling ofort in die Automatenabteilung zu nehmen, ihn
290 1312 1504 1364 einem Facharbeiter beizugeben und ihn von dieem im Gebrauch der Werf-
290 1355 1037 1409 zeuge und Machinen unterweien zu laen.
291 1405 1505 1455 Wenn am Automaten der ArbeitsSablauf ein viel chnellerer als an der
290 1449 1503 1502 Drehbank und Revolverdrehbank ift und hier mehrere Arbeitsgnge, wic
289 1498 1503 1551 Langdrehen und Bohren oder Eintechen und Planen, Formdrehen und Ge-
290 1543 1503 1595 windechneiden vielfach zu gleicher Zeit erfolgen, fo bedeutet das, bak an den
290 1588 1503 1640 Automateneinrichter noch hhere Anforderungen zu tellen find, als an den
288 1636 1501 1684 Facharbeiter, dex an der Drehbank oder Revolverdrehbank arbeitet. Voraus-
287 1681 1501 1732 eung fr gute Arbeit des Auromaten ift, da der Facharbeiter, der diee
288 1724 1502 1777 Machine einrichtet, die Grundbegriffe des Drehens, Wahl der richtigen
289 1770 1502 1822 Schnittgechwindigkeit und Vorchbe, das richtige Schleifen der Sthle,
288 1817 1500 1867 Manahmen fr guten Spanabflu u. dgl. unbedingt beherrcht. Diee
289 1861 1500 1914 Grundkenntnie am Automaten zu erwerben, it jedoch nicht mglich, da
289 1907 1502 1959 hier der Arbeitsablauf viel zu chnell erfolgt. Das Erlangen olcher Kennt-
286 1953 1501 2013 nie ift fr das Einrichten des Automaten allcin auch nicht aushlaggebend.
286 2000 1500 2052 Das Wichtigte ift und bleibt doch, da die Erfahrungen in der Bearbeitung
286 2067 312 2103 4
