1654 2339
293 152 1508 208 Meßwerkzeuge und Unterſchiede in ihrer Mefigenauigkeit. Anſchaffungspreis
294 199 1506 254 der einzelnen wertvolleren Meßwerkzeuge. Beachtung der Bezugstemperatur
292 245 1507 300 beim Meſſen. Bezeichnung der Grenzlehren durch Stempelung und Kenn-
292 292 1506 348 farben in bezug auf das zur Anwendung kommende Grenzlehrſyſtem, Sik-
292 338 1505 394 arten und Gütegrade. Möglichkeit zum Austauſchbau durch Verwendung
292 385 576 431 von Grenzlehren.
290 482 511 528 Langdrehen
290 535 1504 592 F: Langdrehen zylindriſch zwiſchen Spitzen oder fliegend, bei anfangs vorz
291 579 1504 639 geſchriebener Schnittgeſchwindigkeit, Spantiefe und Vorſchub bei Selbſt-
289 628 1503 684 gang der Maſchine. Vorſchub beim Drehen größerer Längen auch von Hand
289 675 1502 729 zuſtellen. Unter Einhaltung zunächſt größerer, dann immer kleinerer Toz
287 721 1503 778 leranzen und dex vorgeſchriebenen Oberflächengüte Werkſtücke fhruppen,
286 763 1501 823 {lichten und feinſ{lihten. Dünne Wellen mit Hilfe des mitlaufenden
287 814 1500 869 Seßſio>kes drehen. Erwärmung während der Bearbeitung in bezug auf Durch-
286 858 1499 914 meſſer- und Längenausdehnung und Schwinden bei der Ybkühlung beachten.
286 903 1499 961 Beſchädigung fertiger Oberflächen durch Verwendung von Spannhülſen
285 951 460 997 vermeiden.
334 1021 1500 1073 ArbeitSbei ſpiele: Bolzen glatt ,abgefebt und mit Einſtichen (DT 1401—1405),
333 1064 1495 1115 Wellen: Purg und lang, glatt und abgefegt, ſoroie obne und mit Bobrung und
333 1104 1495 1159 entfpredenden Längentoleranzen. YAnterwellen, Zabnraöwellen, Spindeln
331 1146 1494 1198 (DT 1409), Hobltwellen (DT 1419), Wellen verſbiedener Faſſungen bei gleichem
331 1189 1492 1239 Nenn-Durchmeſſeer, Fugellagerſibe an Wellen, Gewinde, Regel, Spindeln für
331 1229 771 1278 Ventile, ghlinðrijhe Gebäufe.
281 1289 1492 1348 K: Wichtigkeit der Feſtlegung der Arbeitsgänge. Begriffe: Schnittgeſchwindig-
280 1336 1493 1392 Feit, Vorſchub ſowie Spanquerſchnitt beim Drehen. Erläuterung der Bor-
280 1384 1491 1440 ausſeßungen für Herſtellung zylindriſcher Formen: Übereinſtimmung der
280 1427 1492 1485 Richtung von Drehachſe und Bettführung, fluchtende Körnerſpißen, an-
279 1474 1490 1532 gezogene Schlittenführungen, öftere Lüftung der Reitſto>hülſe. Auftretende
277 1520 1489 1579 Fehler und deren Beſeitigungsmöglichkeit. Fehler durch falſche Zentrierung.
279 1566 1489 1622 Stahlformen (Schruppſtahl, Schlichtſtahl) und ihre Unterſchiede je nach
278 1615 1489 1670 Verwendung8zwe>. Folgen zu hoch und zu niedrig eingeſtellter Stähle,
276 1660 1489 1715 ſowie zu lang ausgefpannter Stähle (Federung), Anwendungsmöglichkeit
276 1703 1488 1766 der halben Spite, Wirkung8weiſe des nachziehenden Schlichtſtahles. Bedeu-
275 1749 1486 1804 tung der Kühl- und Schmiermittel auch für Erzielung hoher Oberflächengüte.
274 1843 500 1892 Plandrehen
272 1898 1485 1957 F: Wertftüte zum Plandrehen und Bohren, insbefondere auch ſolcher Stücke,
271 1943 1485 2002 bei denen vorhandene Zylinderflächen mit den Planflächen laufen müſſen,
271 1989 1483 2046 aufſpannen, ausrichten und drehen. Werkſtücke mit Stechſtahl ein- und ab-
278 2053 319 2093 16
