1654 2339
298 146 487 191 Schmieden
297 187 1506 233 F Einfache Teile z.B. wrehſtähle ſchmieden, insbeſondere zur Erlangung der not-
299 229 1505 276 wendigen Merkſtoffkenntnis dur< Stre>en, Biegen, Abſeßzen, Abſchroten und
298 273 1206 318 Warmlochen. Entſprechende Schmiedetemperaturen einhalten.
348 330 1507 370 Arbeitsbeiſpiele An Runöſtaßl Viertantzapfen, an Vierktantjtaÿl Sağ- und Runójapfen
346 361 601 399 Jhmieden (DT 5533)
347 385 1507 424 ‘Slacftahl warmbiegen (DT 5534), Slachſtahe zum Heil ausbreiten (DT 5535) und ausjpiĝen
348 416 464 453 (DT 5536
349 445 757 485 Viertan!jftabßl abjeten (DT 5537).
348 475 867 514 Schmieden einfacher Dertzeuge (DT 5532)
304 527 1507 574 E: Aufbau der Schmiedefeuer. Vorſchriften über Schmiedetemperaturen der ein-
301 569 769 615 zelnen Werkſtoffe. Unfallgefahr.
300 665 427 708 Härten
299 704 1508 749 F: Werfftüde und einfache Werkzeuge härten und anlaſſen. Werkſtücke im Schmiede-
300 745 1507 791 feuer oder Härteofen bis zur vorgeſchriebenen Härtetemperatur, die annähernd dur
300 788 1508 834 die Glühfarbe vom Auge wahrgenommen werden kann, erwärmen. Anlaſſen der
300 828 1508 876 Werkſtücke durch Erwärmen bis zur gewünſchten Anlaßfarbe, hiernach Werkſtück
300 871 564 916 ſofort abſchre>en.
351 928 1510 968 Arbeitsbeiſpiele: Einfacze Wertzeuge wie Reißnadel, Schraubenzieher, Körner, Meißel
352 959 588 997 (DT 5532), Bohrer.
302 1009 1510 1054 K: Vorgang im Werkſtoff beim Härten, Glühtemperaturen, Glübhfarben. Zwe> des
301 1051 1511 1097 Anlaſſens Anlaßfarben. Arten der Härteverfahren und Hinweis auf Vorſchriften
301 1094 937 1142 für die Härtung beſtimmter Werkzeugſtähle.
301 1176 569 1221 Scharfſchleifen
305 1219 1512 1264 F. Schärfen einfacher Werkzeuge mittels geeigneter Seſleifſcheiben. Härte, Körnung
307 1259 1512 1306 und Bindemittel der Schleifſcheiben beachten, Schneidkanten nachſchleifen ohne
302 1303 713 1348 Schneidenwinkel zu ändern.
353 1361 1511 1400 Arbeitsbeiſprele. Einfache Bearbeitungswerlzeuge wie Körner, Reißnadel, Uteißet,
352 1391 560 1428 Schraubenziedßer.
304 1439 1512 1487 K: Arbeitsweiſe der Schleifſcheiben. Sorgfalt beim Schleifen, da Werkzeuge aus
305 1484 1511 1530 wertvollem Werkſtoff und oft unter grofiem Arbeitsaufwand hergeſtellt ſind. Unfall-
302 1527 647 1571 verhütungs8vorſchriften.
301 1629 864 1677 Einfache Hobel- und Fräsarbeiten
303 1704 444 1747 Hobeln
1085 1733 1110 1766 4
302 1760 1514 1809 F: Einfache Arbeiten an der Kurzhobelmaſchine ausführen zur Herſtellung
304 1807 720 1855 von Flächen und Formen.
355 1873 1311 1920 Arbcitsbeiſpiele: Beilagen, Füllſtücke und Laſchen, Leiften,
309 1936 1513 1985 K: Arten dex Hobelmaſchine, ihrer verſchiedenen Arbeitsvorgänge. Art und
307 1983 978 2035 Anwendung der verſchiedenen Werkzeuge.
306 2048 349 2088 14
