1654 2339
206 156 1419 211 ſtechen. Buten unter Verwendung von Futter und Seßſto> abſtechen. Wb-
207 200 1421 257 meſſungen von Einbrehungen bei geringen Anforderungen an Genauigkeit
207 246 1420 304 mittels felbftgefertigter oder mit der Skala der oberen Schlittenſpindel ſowie
205 294 996 346 bei hoher Genauigkeit mit Meßklögzen feſtſtellen.
206 341 1419 396 Dünnwandige Werkſtücke, erforderlichenfalls unter Verwendung von Bor-
204 386 525 434 richtungen ſpannen.
205 431 1420 489 Werkſtücke unterſchiedlicher Form und Größe auf Planſcheibe ſpannen.
205 478 1010 532 Werkſtücke mit und ohne Bohrungen plandrehen.
255 549 1420 601 Arbeitsbeiſpiele: Scheiben (DT 1410), Stelleinge (DT 1412), Dedel verz
258 590 1421 643 ſchiedener Art, Riemenſcheiben, abgeſtufte Scheiben (DT 1411), Lageeſcbilde,
256 634 812 683 ringförmige Klemmletften, Flanfcben.
206 689 1419 742 K: Beachtung folgender Notwendigkeiten beim Plandrehen: Stahl genau
205 731 1418 788 auf Mitte zur Vermeidung von Abſte<hbußen an Werkſtücken ohne Bohrung;
206 777 1418 836 Unterſchiede: Schiebende Schneide und ziehende Schneide. Bettſchlitten feft-
205 828 1418 882 geſpannt zur Erzielung genauer Planfſlächen. Erreichung ſauberer Oberflächen
205 870 1041 923 durch gleichmäßigen Vorſchub bei Handbetätigung.
205 967 439 1014 Kegeldrehen
205 1021 1418 1078 F: Regel, Paßkegel und Kegelradkörper herſtellen beginnend mit Außen-
204 1067 1418 1123 fegeln an Werkſtücken und geringerem Genauigkeitsgrad). Schlanke Kegel
204 1113 1417 1168 Durch Reitſto>verſtellung oder unter Anwendung des Kegellineals und
203 1158 1417 1216 ſteilere Kegel dur<h Verſtellung des Oberſchlittens drehen. Bearbeitungs-
204 1206 1417 1261 maſchine unter Verwendung genormter Kegellehren einſtellen. Kegelberech-
203 1252 709 1301 nung auf Maſchine übertragen.
253 1321 1419 1373 Arbeitsbeiſpiele: Duechſchläge, Körner (DT 1422), Rörnerfpigen (DT 1423),
258 1363 1417 1415 Gentlote, Außen: und Fnnentegel an Wertzeugen und Spannvorrichtungen
254 1406 1421 1458 (3. B. Bobree, Reibable mit tegeligem Schaft, Zwiſchenbülſe, Feräöfutter), Regel
253 1449 1252 1497 an Wellen und Lagern (DT 1419) ſowie Habnëronen und -gebäuſen.
205 1509 1417 1564 K: Anwendungsmöglichkeiten des Kegeldrehens durch Reitſtoverſtellung,
204 1552 1416 1609 Durch Schlittenverſtellung (Teller) und unter Benußung des Leitlineals.
204 1600 1416 1654 Notwendigkeit der Berechnung von Kegeln bei der praktiſchen Arbeit und
203 1648 1329 1700 Anwendung entſprechender Formeln. Normenbezeihnung von Kegeln.
205 1738 1338 1796 Anſchlagdrehen und Verwenden von Mehrfachſtahlhaltern
202 1795 1415 1850 F: Bei vorſtehenden Lang- und Plandreharbeiten möglichſt Anſchlagdrehen
202 1838 1128 1891 und Anwendung von Mehrfachſtahlhaltern durchführen.
252 1899 1052 1947 Arbeitsbeiſpielet Bei einſchlägigen Arbeiten üben.
203 1952 1413 2009 K: Vorteile des Anſchlagdrehens und Verwendung von Mehrfachftahl-
203 1996 665 2048 haltern bei Reihenfertigung.
1371 2071 1412 2111 17
