2481 3508
231 162 1518 249 Berufsbild der Werkgehtilfin
601 265 1143 317 (für die praktiſche Ausbildung)
721 348 1023 398 Lehrzeit: 3 Jahre
228 527 906 595 Arbeitsgebiet der Werkgehilfin:
465 615 1519 667 Kaufmänniſche Arbeiten zur Durchführung der Warenerzeu-
507 665 1519 717 gung, kaufmänniſche Vermwaltungsarbeiten im Induſtrie-
220 715 622 764 N betrieb
220 761 1519 818 NG Beurteilen und Auswählen der Werkſtoffe, der Halb: und
504 811 1519 867 Fertigfabrikate, Feſtlegen der Urbeitsgänge, Zuteilen der
503 862 1419 912 Werkſtoffe und der einzelnen Arbeiten an die Arbeiter.
460 911 1092 961 Abnehmen und Prüfen der Arbeiten.
466 959 1290 1010 Verwalten von Werkſtoffen und Halbfabrikaten-
465 1007 1518 1062 Verwaltungstechniſche und einkaufstechniſhe Arbeiten zur
504 1057 1120 1110 Durchführung der Warenerzeugung.
228 1191 1519 1266 Fertigkeiten und Kenntniſſe, die der Lehrling in der Lehrzeit
467 1276 742 1329 erwerben ſoll:
226 1350 1520 1402 Notwendige: Kennenlernen, Beurteilen und Aus8wählen der Werkſtoffe, der
343 1396 958 1450 ' Halb: und Fertigfabrikate.
464 1453 1129 1499 Kennenlernen der Fertigungsvorgänge.
463 1497 1519 1552 Feſtlegen der Arbeitsgänge, Zuteilen der Werkſtoffe und der
503 1550 1095 1598 einzelnen Arbeiten an die Arbeiter.
463 1597 1195 1647 Wiegen nach Gramm- und Karateinheiten.
220 1646 1184 1719 N Abnehmen und Prüfen der Arbeiten. |
465 1694 1286 1744 Verwalten von Werkſtoffen und Halbfabrikaten.
465 1744 1520 1793 Behandeln von Angeboten, Aufträgen, Mängelrügen und
504 1790 1521 1842 Prüfen von Rechnungen im Zuſammenhang mit dem Ein:
503 1842 1521 1891 kaufen, Vorrechnen, Nachrechnen, Lohnrechnen, Legierungs-
502 1894 642 1940 rechnen.
227 1956 1520 2008 Erwünſchte: Kennenlernen, Beurteilen und Auswählen von Schmu>k-
503 2009 633 2056 ſteinen.
464 2055 1035 2105 Arbeiten in der Lohnbuchhaltung.
465 2104 826 2155 Statiſtiſche Arbeiten.
465 2153 989 2205 Kurz- und Maſchinenſchreiben.
