2273 3216
304 181 1890 301 Die Prüfungsarbeit muß den Nachweis erbringen, daß der Prüfling in
306 295 1888 408 per Lage ift, die Beſtimmungen gewiſſenhaft und vorſchriftsmäßig ein-
308 429 491 511 zuhalten,
234 588 662 701 3, Fertigungszeit
307 712 1888 801 Die Fertigungszeit für die Prüfungsarbeit ſoll möglichſt 50 Stunden
307 824 1886 909 niht überſchreiten. Das ift bei der Wahl der Prüfungsarbeit zu be:
307 909 1792 1021 achten, +
307 1053 1888 1127 Bei der Bewertung der Prüfungsarbeit ift die Angemeſſenheit der verz
305 1119 1829 1232 brauchten Zeit zu berückſichtigen. .
236 1431 1538 1522 Die Kenntnisprüfung (ſchriftlich bzw. mündlich)
240 1593 560 1671 1. Fachkunde
311 1716 1876 1787 Die Prüfung hat ſich zu erſtre>en auf die Grundzüge der chemiſchen und
312 1822 1873 1912 mechaniſchen Vorgänge bei den einzelnen Unterſuchungs-, Scheide- und
311 1930 1872 2014 Herſtellungsverfahren, auf die Kenntniſſe der einfachen Grundlagen der
314 2031 1873 2112 anorganiſchen Chemie und der Eigenſchaften der verwendeten Chemikalien.
228 2228 599 2314 2. Fahrehnen
319 2344 1867 2433 Es find auf das Fachgebiet abgeſtellte eingekleidete Aufgaben in Anz
318 2454 1866 2539 wendung der Grundrechnungsarten einſchließlich Prozentrechnung zu
317 2552 1865 2646 ſtellen, ferner ift das Multiplizieren, Dividieren, Potenzieren und Wurzelz
1655 2657 1865 2720 Aufgaben
1644 2762 1865 2821 m Gebiete
320 2665 1640 2755 ziehen mit dem Rechenſchieber zu prüfen. Insbeſondere ſind
319 2773 1650 2861 im Ausrechnen von Feuerproben und Analyſen ſowie aus de
320 2884 1101 2967 der Legierungsrechnungen zu ſtellen.
