2481 3508
405 240 2217 341 Richtlinien für die Durchführung der Ausbildung
400 397 2216 467 Das Berufsbild und dieſe Richtlinien gelten für die Ausbildung und Er-
400 461 1929 531 ziehung von Jugendlichen im Alter zwiſchen 14 und 18 Jahren.
401 555 2224 627 Dieſe Ausbildung unterſcheidet fich von der bisher bei Erwachſenen durch:
401 622 2217 691 geführten mehr oder weniger kurzen Anlernung und nicht planmäßigen Fort-
401 681 2218 753 bildung nach der erſten Anlernung dadurch, daß ſie im allgemeinen auf einer
402 746 2218 821 Grundausbildung aufbaut, ſtärker in die Breite geht und planmäßig ge-
402 809 2219 879 ſtaltet wird. Die Einzelanlernung Erwachſener wird Hierdurch nicht aus-
403 871 2218 949 geſchaltet, ſondern die planmäßige Jugendlichenausbildung tritt als neue
400 935 776 1002 Form neben fie.
403 1031 2218 1102 Grundſäßlich ift dieſe Form der Heranbildung eines jugendlichen Nah-
402 1094 2217 1174 wuchſes dort zu empfehlen, wo die Art der Berufstätigkeit eine Ausbildung
404 1158 2220 1227 oder auch eine vorbereitende Ausbildung im jugendlichen Alter zuläßt und
403 1220 2217 1290 wo hierdurch eine Steigerung der beruflichen Leiſtungen in der Erwachſenen-
400 1283 987 1349 tätigkeit zu erwarten ift.
405 1524 1330 1596 1. Weſen und Inhalt des Berufes
478 1644 2220 1713 Bei den Berufen, für die hinſichtlich der praktiſchen Ausbildung eine ein-
476 1704 2220 1780 bis zweijährige Beruf8ausbildungszeit genügt, tft grundſäßlich zu unter-
474 1767 1115 1836 ſcheiden zwiſchen Berufen,
475 1880 2222 1952 a) bei denen eine Ausbildung möglich ift, die fich unmittelbar auf die
539 1946 2219 2015 ſpätere Berufstätigkeit richtet (z. B. Hobler, Bohrer, Seidenſtoff-
542 2006 2222 2081 weber, Oberlederzuſchneider, Meſſerklingenſchleifer, Fiſchräucherer,
541 2069 2222 2141 Schirmgeſtellmacher) und bei denen der Ausgebildete nach Abſchluß
542 2133 2222 2207 der Beruf8ausbildungszeit befähigt ift, in dem Beruf, für den er
541 2196 1979 2268 vorbereitet ift, produktive Arbeiten ſelbſtändig auszuführen,
474 2303 2221 2374 b) und ſolchen, bei denen die Ausbildung allgemeiner Natur iſt und dem-
541 2369 2222 2435 entſprechend mehr mittelbar zu dem einen oder anderen Beruf einer
542 2429 2223 2498 Gruppe von artähnlichen Erwachſenenberufen vorbereitet und hinführt.
543 2493 2222 2563 Gegen Ende oder nach der Ausbilbungszeit ift hierbei eine Einarbeitung
542 2553 2223 2624 notwendig, die erſt zu ſelbſtändiger berufliche Leiſtung führt, weil in
540 2573 2223 2684 der Regel die ſelbſtändige Ausübung dieſes Berufes im jugendlichen
541 2675 2224 2745 Alter mit Rükſicht auf Anforderungen phyſiſcher und charakterlicher
541 2738 2226 2810 Art ſoroie im Hinbli>k auf die noch zu geringe Berufserfahrung nicht
543 2800 1505 2869 möglich ift (z. B. Papiermacher, Säger).
477 2928 2222 3001 Dem Weſen nach handelt es fich beim Aſphaltierer um einen Beruf, für
478 2989 2226 3061 den eine Ausbildung erfolgen kann, die unmittelbar auf den Berufs-
477 3053 1334 3122 inhalt des Erwachſenen gerichtet ift.
