1748 2481
351 265 1467 313 Auf der Grundlage des Berufsbildes bauen ſih folgende Unterlagen bzw.
351 312 590 357 Richtlinien auf:
643 391 1180 441 Berufseignungsanforderungen
352 452 1469 499 dienen der Eignungsfeſtſtellung des Lehrlings vor Beginn der Lehre. Sie ent-
353 496 1470 544 halten eine Zuſammenſtellung der berufstypiſchen notwendigen, der berufs-
354 539 1471 589 fördernden erwünſchten und der berufshemmenden oder -ausjchließenden
354 585 1470 633 Faktoren in vorbildungsmäßiger, körperlicher und ſeeliſhec Hinſicht und
354 629 1322 677 bilden eme Unterlage für die Berufslenkung des Nachwuchſes.
724 716 1099 769 Berufsbildungspläne
354 778 1473 829 regeln im einzelnen die Ausbildung im Betrieb. Sie geben dem Ausbilder
355 823 1472 873 allgemeine Hinweiſe für die Erziehung und Ausbildung der Jugendlichen, er-
354 867 1472 916 läutern und begrenzen die Fertigkeiten in dem jeweils für den Beruf erfordeı-
354 914 1471 961 lichen Umfang und führen die Kenntniſſe an, die am Ausbildung8plaßzu ve1-
355 957 1472 1005 mitteln find. Der Unterſchiedlichkeit der betrieblichen Verhältniſſe angepaßte
355 1002 1472 1050 Beiſpiele von Zeitplänen enthalten Richtlinien für die zeitliche Aufteilung
355 1046 1035 1092 der Ausbildung innerhalb der Geſamtlehrzeit,
822 1136 1007 1185 Lehrgänge
356 1197 1475 1243 Soweit erforderlich, werden für die Ausbildung im Betrieb Lehrgänge er-
357 1240 1475 1288 arbeitet, die die durch Berufsbild und Berufsbildungsplan gegebenen Richt-
356 1284 1474 1333 linien vervollſtändigen. In den Arbeitsblättern werden die zur Übung
356 1330 1474 1377 der einzelnen Fertigkeiten geeigneten Arbeitsbeiſpiele in normgerechter Werk-
356 1372 1476 1425 ftattzeihnung gebracht. Die Arbeitsblätter werden ergänzt dur< Unter-
357 1417 1475 1468 weifungsblätter, die die zur Beherrſchung der einzelnen Fertigkeiten und
357 1461 1476 1512 zur Durchführung der Arbeiten notwendigen Kenntniſſe in kurzer, einprag-
356 1510 718 1556 ſamer Form vermitteln.
598 1590 1239 1641 Lehrmeiſter-Prüfungsanforderungen
359 1652 1476 1700 werden aufgeſtellt, um geeignete Fachkräfte, denen die Verantwortung für
358 1696 1475 1744 die Ausbildung der Jugendlichen übertragen werden ſoll, auslefen zu können.
359 1741 1475 1790 Aufbauend auf dem Berufsbild des Lehrmeiſters, das fein Tirbeitsgebiet und
359 1784 1477 1833 fein fachliches und erzieherijches Können allgemein umreißt, werden die An-
360 1828 1477 1877 fordecungen für die Lehrmeiſterprüfung 1m einzelnen feſtgelegt und erläutert,
671 1914 1168 1964 Reichseinheitliche Lehrpläne
360 1975 1476 2025 werden für die Berufsſchule aufgeftellt. Sie find auf die betriebliche Aus-
360 2019 1479 2070 bildung zeitlich abgeſtimmt und gewährleiſten fo gleihlaufend mit diejer
362 2064 1240 2113 eine Vertiefung der erforderlichen theoretiſchen Kenntniſſe.
