2481 3508
1116 494 1522 563 Das Berufsbild
674 581 1956 648 ſet die Berufsbezeihnung, die Lehrzeitdauer und den Inhalt
673 644 1955 712 der Ausbildung für den jeweiligen Lehrberuf reichseinheitlich
672 705 1956 775 feſt und bildet damit die verbindliche Grundlage für die Berufs-
672 766 1954 836 ausbildung. Es ift Beſtandteil des Lehrvertrages und wird
672 828 1373 897 dieſem als Einzelblatt eingefügt.
673 957 955 1020 Im Abſchnitt
1122 1025 1512 1086 Arbeitsgebiet
671 1097 1952 1164 iſt dur< die Anführung berufstypifcher Arbeiten des fertig
672 1161 1955 1225 ausgebildeten erwachſenen Facharbeiters der Inhalt des Be-
672 1225 1511 1286 rufes in knapper Form gekennzeichnet.
672 1353 1208 1415 Mit der Aufzählung der
1122 1444 1488 1503 Fertigkeiten,
670 1516 1952 1580 die der Lehrling in der Lehrzeit erwerben foll, iſt der Inhalt der
668 1579 1951 1642 planmäßigen praktiſhen Ausbildung auf einheitliher Grund-
668 1643 1950 1705 lage feſtgelegt. Die als notwendig bezeichneten Fertigkeiten
669 1702 1950 1769 find dem Lehrling unbedingt zu vermitteln, die als erwünſcht
669 1765 1951 1831 bezeichneten nur nach Maßgabe der Betriebs- und Fertigungs-
667 1826 1948 1894 verhältniſſe. Nur die notwendigen Fertigkeiten können der Fach-
669 1891 1950 1953 arbeiterprüfung zugrunde gelegt werden; die als erwünſcht be-
666 1952 1949 2019 zeichneten ſollen dazu anregen, die Ausbildung zu verbreitern
664 2016 1019 2074 und zu vertiefen.
663 2134 818 2183 In den
1001 2203 1608 2272 Prüfungs8anforderungen
666 2289 1947 2354 werden für die Ablegung der Facharbeiterprüfung die fachlichen
664 2353 1946 2416 Bedingungen umriſſen, auf Grund deren der Berufs8anwärter
665 2413 1945 2477 als Prüfling ſeine in der Lehrlingsausbildung erworbenen
661 2470 1943 2541 praktiſchen Fertigkeiten und theoretiſhen Kenntniſſe nach-
662 2538 938 2596 zuweiſen hat.
1096 2604 1663 2675 (Fortſezung am Schluß)" kh
1132 3027 1465 3077 Nachdru>k verboten
