1884 3017
660 11 1245 108 Der Lehrmeiſter
50 123 990 217 Arbeitsgebiet des Lehrmeiſters:
43 234 1869 315 Mitwirken ber der Auswahl der für die Ausbildung und Erziehung geeigneten
104 298 417 360 Jugendlichen
42 359 1866 439 Yusbilden sugendlicher nach den Anforderungen des für den Ausbildungg-
99 424 1849 502 beruf geltenden Berufsbildes Durch Erziehung und Vermittlung der beruf
97 487 1866 565 lichen Fertigkeiten und der hreemit unmittelbar zuſammenhängenden Kennt-
98 550 1868 628 mſſe, gegebenenfalls Überwachen der Ausbildung sugendlicher ın anderen
98 613 592 680 Ausb1ildungsberufen
41 674 1491 754 Mitwirken bei der Leitung und Verroaltung der Ausbildung.
41 737 1865 819 Pflegen der Zuſammenarbeit mit Elternhaus, Hitlerjugend, Deutſcher
93 805 1865 881 Arbeitsfront und Berufsſchule zum Zweck einheitlicher erziehlicher Ein-
95 867 310 930 wirfung.
36 926 1864 1007 Durchführen von berufsfundlichen Veranſtaltungen für Jugendliche; Mit:
94 992 1864 1069 wirken bei ſportlichen und Fameradfchaftlichen Beranſtaltungen für Jugend-
93 1051 908 1125 liche im Rahmen der Ausbildung.
35 1114 1863 1196 Mitwirken in Sacbverſtändigen- und Prüfungsausfchüffen und beim Reichs-
90 1181 513 1248 berufsmettfampf.
35 1301 1752 1399 Fertigkeiten und Kenntniſſe, die der Lehrmeiſteranwärter
96 1403 704 1480 erworben haben muß:
29 1496 580 1561 Erzieheriſches Können
34 1571 1804 1651 Verſtehen und Behandeln von Jugendlichen in Ausbildung und Erziehung.
34 1635 1860 1714 Beherrſchen und Anwenden pädagogiſcher Grundſätze und Methoden zu plan:
89 1696 1859 1777 mäßiger Einführung des Jugendlichen in die praktiſche Ausübung und die
88 1759 1208 1835 geiſtige Grundhaltung des gewählten Berufes.
31 1822 1857 1904 Mitwirken bei der weltanſchaulichen und charakterlichen Formung der
93 1887 422 1951 Jugendlichen.
30 1948 1515 2027 Mitwirken bei der körperlichen Ertüchtigung der Jugendlichen.
30 2011 1566 2091 Durchführen berufskundlicher Veranſtaltungen für Jugendliche.
31 2075 1856 2156 Beurteilen und Auswählen von Jugendlichen nach den Berufs8eignung®-
85 2140 1529 2216 anforderungen in Zuſammenarbeit mit der Berufsberatung.
29 2236 488 2302 Fachliches Können
31 2314 1854 2390 Beherrſchen der im Berufsbild des Ausbildungsberufes geforderten not-
27 2376 1628 2452 wendigen Fertigkeiten und wichtiger beruflicher Sonderfertigkeiten.
25 2436 1853 2516 Merfterhaftes Beherrſchen der wichtigſten dieſer Fertigkeiten, wie es durch
81 2499 1851 2578 mebrjahrige Facharbeiter- bzw Gehilfentatigkeit und/zunehmende Berufs8-
82 2562 899 2627 erfahrung erworben werden kann.
27 2622 1776 2704 Beherrſchen des fur eine planmaßige Ausbildung erforderlichen Wiſſens.
27 2684 634 2754 Kennen des Fachgebietes.
25 2747 1851 2831 Mitwirken bei der Leitung der Fertigung im Rahmen der Ausbildung und
81 2810 606 2882 bei ihrer Berwaltung.
22 2949 1847 2999 15 623 3
