1900 3066
88 85 1191 163 Kenntnispr端fung (\hriftlih oder m端ndlich
77 177 1831 253 Sn der Kenntnispr端fung foll der Pr端fling nahwei顛en, da er 端ber das
85 241 1830 313 erforderliche Wi顛顛en und die F辰higkeit zu 顛einer Anwendung verf端gt.
84 304 1832 378 Die顛er Nachweis 顛oll Durch Behandlung prakti顛cher F辰lle erfolgen. Dabei
82 368 1830 442 i顛t zugleich auch zu pr端fen, ob fich der Pr端fling im Zu顛ammenhang
85 433 1074 503 einfach, lar und richtig ausdr端cfen fann.
83 543 1774 616 Im einzelnen er顛tre>t fich die Kenntnispr端fung auf folgende Gebiete:
103 683 661 776 I. Fachkenntni顛顛e
162 807 510 877 1. Fachkunde
229 890 686 960 a) Werk顛toffkunde
305 976 1833 1050 Der Pr端fling hat Kenntni顛顛e nachzuwei顛en 端ber die Eigen顛chaften,
307 1035 1832 1108 Verwendungsm旦glichkeit, Bearbeitbarkeit, die Normbezeich-
306 1099 1835 1171 nung und den Wert der in 顛einem ArbeitS8gebiet gebr辰uchlichen
305 1166 846 1233 Werk- und Hilfs顛toffe.
306 1256 1288 1321 Im einzelnen kommen 3. B, in Betracht:
308 1342 883 1409 Stahl und Guei顛en
304 1432 1838 1497 Hartmetalle ' -
308 1519 1470 1585 Nichtei顛enmetalle und deren Legierungen
304 1604 972 1673 I顛olier- und Pre顛toff e
305 1698 758 1763 Austau顛c<顛to ffe
304 1785 835 1844 Lote und L旦tmittel
304 1871 1021 1937 K端hl- und Schmiermittel
228 2010 634 2082 b) Arbeitskunde
303 2098 1832 2166 In der Arbeitskunde foll der Pr端fling die berufsg端blichen
302 2163 1833 2231 Arbeit8verfahren be顛chreiben und darlegen k旦nnen, warum
304 2223 1830 2293 gerade die顛e Verfahren und der Aufbau der Arbeitsfolge nah
303 2288 1832 2355 den gegebenen betrieblichen Verh辰ltni顛顛en notwendig oder wirt-
300 2349 1830 2419 顛chaftlich find; er 顛oll al顛o die Ausf端hrungsregeln nicht nur
302 2408 1830 2478 fennen, 顛ondern auch ver顛t辰ndlich machen k旦nnen. Die Unfall-
301 2473 1830 2541 overh端tungsvor顛chriften m端顛顛en in Hrer Notwendigkeit begr端ndet
305 2539 1389 2595 werden F旦nnen. :
302 2636 1279 2703 Im einzelnen ift u. a. folgendes wichtig:
301 2719 1830 2792 Her顛tellung von Einzelteilen von Hand und ma顛chinell
299 2811 1835 2879 Arbeitsvorg辰nge bei der Her顛tellung von Einzelteilen von Hand
298 2869 1831 2946 durch Feilen, Meieln, S辰gen, Biegen und Schaben neb顛t den
1794 2992 1825 3042 5
