2481 3508
422 987 478 1045 3
413 2499 470 2556 4.
498 247 2245 318 ſprechender Weiſe eine Arbeitserziehung erhalten hat, wie ſie grund\ſäßlich
497 310 1504 379 allen Jugendlichen vermittelt werden ſoll.
499 394 2245 462 Sofern der Jugendliche bereits im Alter von 14 Jahren in die unter Ver-
496 458 2244 527 trag durchzuführende planmäßige Ausbildung eingeſtellt wird, kommt
498 520 2244 592 eine der praktiſchen Berufsausbildung vorausgehende Vorbereitung in
498 585 1684 653 Geſtalt einer Arbeitserziehung nicht in Betracht.
496 667 2242 737 Der Jugendliche muß in dieſem Falle aber über die zweijähcige Aus-
496 731 2243 802 bildung hinaus erzieheriſch betreut werden, bis er das 18. Lebensjahr
497 794 1440 863 vollendet hat (vergl. auch Abſchnitt 4).
494 981 1303 1054 Anwendung des Berufsbildes
493 1082 2236 1154 Das Berufsbild enthält die grundlegende Zielſetzung für die praktiſche
494 1144 2237 1217 Yusbildung und muß, damit die Ausbildung — überbetrieblich geſehen —
492 1208 2237 1277 in den Grundzügen einheitlich durchgeführt wird, durch Einfügung in den
492 1270 2181 1339 Ausbildungsvertrag ein weſentlicher Beſtandteil dieſes Vertrages fein.
490 1352 2237 1420 Die im Berufsbild aufgeführten Fertigkeiten werden ihrem Inhalt und
494 1415 2235 1484 Umfang nach im Berufsbildungsplan eingehend umriſſen. Ebenſo
491 1478 2236 1546 enthält der Berufsbildungsplan Beiſpiele für Zeitpläne, nach denen die
490 1541 2236 1610 Ausbildung planmäßig und unter Berückſichtigung der jeweils gegebenen
490 1605 2236 1673 betrieblichen Verhältniſſe erfolgen kann. Der Berufsbildungsplan ent-
492 1669 2236 1739 widelt Feine ſtarre Form für die Durchführung der Ausbildung, ſondern
493 1730 2236 1800 trägt mehr den Charakter einer Richtlinie, die Anregungen und Beiſpiele
489 1794 2235 1863 dafür gibt, wie die im Berufsbild gegebenen Anforderungen erfüllt
490 1858 2234 1925 werden können. Daneben können dem Jugendlichen entſprechend der betrieb:
489 1920 2234 1988 lichen Eigenart auch Arbeiten übertragen werden, die ſeinen Geſichtskreis
487 1983 2233 2051 im Rahmen des Berufsbildes erweitern, oder es können einzelne Fertig-
489 2048 1881 2114 Feiten über das notwendige Mindeſtmaß vertieft werden.
489 2128 2234 2196 Die Vermittlung aller im Berufsbild aufgeführten notwendigen Fertig-
489 2191 2235 2259 keiten und der Geſichtspunkt, die fachliche Ausbildung des Jugendlichen
488 2254 2233 2322 zeitlich nicht über Gebühr auszudehnen, ſeßen voraus, daß die Ausbildung
488 2317 1413 2384 planmäßig und methodifch erfolgt.
488 2492 2235 2566 Betreuung der Jugendlichen vor und nach der praktiſchen Berufs-
489 2566 1664 2644 ausbildung N
487 2665 2233 2732 Der Grundſaß einer umfaſſenden Ausbildung der Jugendlichen bis zur
488 2725 2231 2795 Vollendung des 18. Lebensjahres macht je nach dem Alter, in dem die
488 2790 2233 2857 Jugendlichen in die Berufsausbildung eintreten bzw. dieſe beenden, eine
486 2852 2232 2920 zuſäßliche erzieheriſche Betreuung “erforderlich, die vom Betriebsführer
488 2915 1975 2984 oder durch eine von ihm beauftragte Perſon durchzuführen iſt.
489 2998 2232 3066 Die Vorbereitung8zeit dient im weſentlichen der Arbeitserziehung.
492 3060 2234 3130 Sie muß der Berufsausbildung vorgeſchaltet werden, wenn der Eintritt
