2481 3508
956 168 2246 260 Berufsbild des Aſphaltierers
1326 265 1870 317 (für die praktiſche Ausbildung)
954 337 2244 389 Ausbildungszeit: 2 Jahre, abſchließend ſpäteſtens mit dem 18. Lebensjahr
952 496 1634 561 Arbeitsgebiet des Aſphaltierers:
1188 574 1903 626 Aufbereiten von Maſtix- und Gußaſphalt.
1189 631 1919 681 Verarbeiten dieſer Maſſen im Straßenbau.
1188 688 1908 739 Einfache Betonarbeiten beim Straßenbau.
1189 748 2229 798 Pflegen und Inſtandhalten der Arbeitsgeräte und Maſchinen.
951 862 2243 926 Fertigkeiten, die in der Ausbildungszeit vermittelt werden ſollen:
949 938 2242 990 Notwendige: Kennenlernen der Werkſtoffe, ihrer Eigenſchaften, Verarbei-
941 2099 1158 2151 Erwünſchte:
1225 996 1904 1048 tungs- und Verwendungsmöglichkeiten.
1186 1055 1759 1106 Fluchten, Tafeln und Profilieren.
1188 1114 1785 1163 Vorbereiten der Untergrundflächen.
1187 1170 2105 1221 Aufbereiten, Einbauen und Pflegen von Unterbeton.
1186 1228 1664 1279 Herſtellen des Voranſtrichs.
1187 1284 2244 1338 Zumeſſen und Aufbereiten der Aſphaltmaſſe und Überwachen
1228 1349 1510 1395 der Temperatur.
1187 1402 2134 1453 Handhaben der Aſphalt-, Betongeräte und -: maſchinen.
1187 1462 2243 1512 Abfüllen, Vorlegen und Spachteln von Aſphaltmaſſen in einer
1225 1522 1595 1569 und mehreren Lagen.
1185 1578 1783 1628 Abreiben, Aufrauhen und Riffeln.
1187 1635 1952 1685 Behandeln der Arbeits- und Anſchlußnähte.
1187 1696 1786 1742 Verarbeiten von Binderunterlagen.
1186 1753 1561 1800 Herſtellen von Fugen.
1187 1809 1568 1857 Vergießen von Fugen.
1186 1863 1780 1914 Beſeitigen einfacher Dedenfchäden.
1185 1920 2068 1971 Nachprüfen des Profils mit einfachen Meßgeräten.
1185 1977 1800 2031 Aufbrechen von Beton und Aſphalt.
1185 2034 2240 2088 Pflegen und Inſtandhalten der Arbeitsgeräte und Maſchinen.
1186 2099 1897 2151 Verlegen von Teer- und Aſphaltplatten.
1184 2157 1651 2214 Untergießen von Schienen.
