2481 3508
26 173 550 245 ung der Ausbildung
26 266 548 317 für die Ausbildung und Er-
26 312 342 361 14 und 18 Jahren.
26 364 548 415 bisher bei Erwachſenen durch-
26 409 548 461 ig und hicht planmäßigen Fort-
26 454 549 505 aß ſie im allgemeinen auf einer
26 501 549 554 te geht und planmäßig geſtaltet
27 544 547 595 erdurch nicht ausgeſchaltet, ſon-
37 589 548 640 teitt als neue Form neben ſie.
26 642 547 693 ang eines jugendlichen Nach-
27 687 529 738 erufstätigfett eine Ausbildun
27 700 547 783 jugendlichen Alter zuläßt und
25 776 548 831 Leiſtungen in der Erwachſenen-
25 1004 547 1055 eaktifchen Ausbildung eine ein-
26 1048 545 1100 ügt, iſt grundſäßlich zu unter-
34 1151 546 1202 die fich unmittelbar auf die
25 1195 547 1246 oler, Bohrer, Seidenſtoffweber,
24 1239 546 1294 r, Meſſerklingenſchleifer, Fiſch-
27 1284 546 1334 und bei denen der Ausgebildete
24 1328 546 1380 eit befähigt iſt, in dem Beruf,
24 1373 546 1424 beiten ſelbſtändig auszuführen.
24 1431 544 1482 ig allgemeiner Natur iſ und
24 1479 545 1526 em einen oder anderen Beruf
24 1523 543 1570 hſenenberufen vorbereitet und
24 1564 544 1618 Hldungszeit ift hierbei eine Ein-
26 1608 544 1663 et notwendig, die erſt zu felb-
26 1645 612 1713 Lin der Regel die felbfländigd "1
24 1696 542 1748 en Alter mit Rükſicht auf An-
23 1741 543 1793 zer Art ſowie im Hinbli>k auf
25 1781 539 1835 icht möglich iſ (3, B. Papier-
129 1841 148 1870 ù
23 1893 542 1939 n Automatendreher um einen
39 1935 541 1984 kann, die unmittelbar auf
23 1978 103 2028 t iſt.
23 2030 540 2088 rs iſt ein Teilgebiet des Fach-
23 2075 541 2128 fe unterſcheidet fich vom Auto-
25 2119 541 2172 eneinrichtee in erſter Linie das
27 2166 542 2217 der Werkzeuge durchzuführen
995 179 2237 231 und im übrigen nur bei Störungen einzugreifen hat, die der Automaten-
994 223 2235 276 dreher nicht ſelbſt ausgleichen kann. Leitet der Automateneinrichter gleich-
994 268 2236 322 zeitig die Fertigung der von ihm eingerichteten Automaten, wobei Hilfs-
995 314 2237 368 arbeiter die Werkſtoffzuführung erledigen können, fo wird der Automaten-
995 358 2237 413 einrichter nicht zum Automatendreher, ſondern iſ nach wie vor als
995 402 2236 457 Automateneinrichter anzuſprechen. Die Ausbildung für ihn hat dem-
997 448 1972 500 gemäß in dem Lehrberuf Automateneinrichter zu erfolgen.
997 501 2236 552 Der Automatendreher muß die laufende Fertigung ſicherſtellen und
997 545 2236 599 hat das Einrichten einfacher Automaten und insbeſondere das Nachſtellen
994 592 2235 643 der Automaten ſowie das Schärfen der Werkzeuge zu übernehmen und
993 636 1914 687 außerdem für maßhaltige Fertigung Sorge zu tragen.
994 690 2236 743 Vom Hilfsarbeiter unterſcheidet fich der Automatendreher dadurch,
993 734 2236 791 daß der Hilfsarbeiter in der Hauptſache in der Maſſenfertigung für die
994 778 2236 833 Beſchi>kung fertig eingerichteter Automaten und deren Überwachung ein-
994 827 1199 875 gelebt wird.
938 930 1517 986 2. Gliederung der Ausbildung
992 996 2233 1048 Da Jugendliche bis zur Vollendung des 18. Lebensjahres grund\äßlich
991 1041 2235 1096 einer erzieheriſchen Betreuufig bedürfen, fo können fich die erzieheriſchen
991 1085 2233 1137 Maßnahmen im Rahmen der Ausbildung nicht auf den Zeitabſchnitt der
992 1131 2235 1185 praktiſchen Berufsausbildung beſchränken, ſondern müſſen auch auf die
993 1175 2234 1227 davor- bzw. dahinterliegende Zeit bis zur Vollendung des 18. Lebens-
993 1222 1453 1271 jahres ausgedehnt werden.
995 1271 2235 1324 In dieſer auf vier Jahre begrenzten Zeit können drei Hauptabſchnitte
995 1317 2235 1375 (1.,2.,3.) in der Gliederung der Ausbildungszeit auftreten, je nachdem
994 1361 2234 1412 der Beginn der praktiſchen Berufsausbildung im Alter von 16 (A), 15 (B)
994 1405 2235 1459 oder 14 (C) Jahren einfeßt, wobei gleichzeitig wieder die drei folgenden
993 1450 2234 1501 Möglichkeiten A bis C hinſichtlich der Reihenfolge zu unterſcheiden find:
1292 1520 2234 1573 A. 1. Vorbereitung (allgemeine Arbeitserziehung) im
997 1914 2231 1973 Abſchnitten: 3. Betreuung nach der praktiſchen Yushbildung bei
1384 1960 2122 2009 Ausübung des Berufes im Arbeitsvertrag.
1289 2020 2232 2072 C. 1. Praktiſche Berufsausbildung im Ausbildungs:
1383 2074 1524 2116 vertrag.
1338 2118 2231 2170 2. Betreuung nach der praktiſhen Ausbildung bei
1268 2162 2121 2215 \ Ausübung des Berufes im Arbeitsvertrag.
1386 1567 1650 1614 Arbeitsvertrag.
1341 1615 2234 1667 2. Praktiſche Berufsausbildung im Ausbildungs-
1387 1669 1527 1711 vertrag.
1159 1725 2234 1773 . B. 1. Borberettun “all, iemeine Urbeitserste un.“ im
1041 1725 2161 1842 ER Nebeiteverting. 9 xh 9D
1028 1817 2233 1885 erziehung 2, Praktiſche Berufsausbildung im Ausbildungs-
1004 1870 1523 1924 in allen drei vertrag.
