2481 3508
23 182 733 234 ahren in die praktiſche Berufs- ‘
23 229 526 280 1, daß er in den beiden voraus-
23 272 527 321 n ausbildenden Betrieb oder
29 317 527 368 entſprechender Weiſe eine Ar-
23 361 527 413 {8lich allen Jugendlichen ver-
23 461 528 511 n 14 Jahren in die unter Ver-
23 509 526 557 1g eingeſtellt wird, kommt eine
23 552 527 601 hende Vorbereitung in Geſtalt
23 591 528 647 > Jugendliche muß in dieſem
26 640 529 695 g hinaus erzieheriſch betreut
37 684 902 768 hat (vergl. auch Abſchnitt Dy ) = (
29 864 528 918 Zielſeßung für die praktiſche
24 907 529 962 lung — überbetrieblich ge-
23 952 529 1004 irchgeführt wird, durch Ein-
23 996 528 1051 yefentlicher Beſtandteil dieſes
24 1094 528 1145 en werden ihrem Inhalt und
42 1139 528 1190 eingehend umriſſen. Ebenſo
23 1180 529 1234 für Zeitpläne, nach denen die
23 1227 530 1279 htigung der jeweils gegebenen
23 1272 972 1323 Der Berufsbildungsplan ent 5,
24 1316 530 1370 ung der Ausbildung, ſondern
23 1360 530 1411 die Anregungen und Beiſpiele
25 1406 531 1456 Anforderungen erfüllt werden
38 1448 531 1500 entſprechend der betrieblichen
23 1494 531 1545 1, die ſeinen Geſichtskreis im
25 1540 532 1589 8 können einzelne Fertigkeiten
23 1589 150 1632 verden.
23 1639 922 1713 jeführten notwendigen Fertig C
25 1679 532 1731 Ausbildung des Jugendlichen
23 1725 533 1778 feßen voraus, daß die Aus-
23 1772 117 1818 folgt.
716 1758 739 1815 i
131 1842 735 1874 13 #
23 1875 801 1937 'ach der praktiſchen Berufs- E
25 1991 535 2045 ung der Jugendlichen bis zur
44 2033 973 2088 nach dem Alter, in dem die 6.
24 2084 535 2132 treten bzw. dieſe beenden, eine
24 2126 535 2177 Y, die vom Betriebsführer oder
24 2170 269 2225 <zuführen iſ.
986 197 2227 250 Die Vorbereitung8zeit dient im weſentlichen der Arbeitserziehung.
986 242 2228 294 Sie muß der Berufsausbildung vorgeſchaltet werden, wenn der Eintritt
985 287 2227 339 in den eigentlichen Ausbildungsabſchnitt fchon vom Jugendlichen eine
985 332 2227 384 vorgeſchritiene körperliche Entwicklung und charakterliche Haltung fordert.
985 378 2227 428 In dieſer Vorbereitungs8zeit im Betrieb kann eine zuverläſſige Ausleſe
985 422 2226 476 der für die Berufsausbildung geeigneten Jugendlichen ſtattfinden. Das
985 464 2227 518 Ziel der Vorbereitung kann hinſichtlich der Arbeitserziehung auch in einer
984 511 2227 563 außerhalb des ausbildenden Betriebes erfolgenden planmäßigen Betreu-
986 555 2227 607 ung erreicht werden (3. B. durch eine Tätigkeit in anderen Betrieben oder
985 601 1310 651 auch im Landjahr).
985 654 2225 709 Die erzieheriſche Betreuung iſt auch auf die im Anſchluß an die plan-
985 699 2225 751 mäßige Ausbildung bis zur Vollendung des 18. Lebensjahres im Arbeits-
984 744 2226 796 verhältnis verlaufende betriebliche Tätigkeit des Jugendlichen auszudehnen.
985 788 2226 841 Sie erſtre>t fich auf die Charakterbildung des Jugendlichen ſowie auf ſeine
984 833 2226 885 berufliche und körperliche Entwi>klung und kann dementſprechend in der
983 877 2225 929 Form der perſönlichen Beratung, der Anleitung und Anweiſung und der
985 921 2226 974 Beteiligung an berufs- und kameradſchaftsfördernden ſowie ſportlichen
985 969 1434 1017 Veranſtaltungen erfolgen.
983 1019 2226 1075 Leitender Geſichtspunkt für alle Erziehungsarbeit, wie ſie im Betrieb, in
984 1061 2225 1116 der Berufs\chule, im Elternhaus ſowie in der Hitlerjugend und der
983 1109 2225 1162 Deutſchen Arbeitsfront durchgeführt werden ſoll, iſt die Hinführung des
984 1151 1911 1204 Jugendlichen zum Dienſt an Staat und Gemeinſchaft.
982 1268 1611 1323 Kenntnisvermittlung im Betrieb
983 1339 2224 1393 Die Tätigkeit des Ausbilders darf nicht nur darin beſtehen, die Hand-
983 1385 2225 1438 habung der Werkzeuge und die Bedienung der Maſchinen vorzumachen,
981 1429 2225 1483 in der Erwartung, daß der Jugendliche ſie nachahmt und fo zur Fertigkeit
980 1472 2224 1527 in der Durchführung der einzelnen Arbeiten gelangt. Es muß vielmehr
982 1516 2223 1571 eine Erklärung der Werkzeuge und Maſchinen, der Werkſtoffe, der Schneid-
982 1564 2223 1618 oorgänge, der Werkzeuggeſtaltung und Behandlung der Werkſtoffe, der
982 1608 2224 1660 Normen, des Meſſens und der Prüfung der fertigen Arbeit erfolgen. Der
981 1648 2224 1704 Jugendliche iſt ferner in den Unfallverhütungsvorſchriften zu unter:
982 1693 2224 1747 weiſen, zur Ordnung am Arbeitsplaß anzuhalten und über den Wert der
980 1738 2224 1791 Werkſtoffe der ihm anvertrauten Werkzeuge und Maſchinen zu belehren.
982 1789 2223 1844 Das Berufsbild und die Einzelheiten des Berufsbildungsplanes, im be-
982 1834 2223 1890 ſonderen die Kenntnisvermittlung im Betrieb, ſollen auch den Berufs-
982 1877 2222 1932 und Werfberufsfchulen als Yusgangspuntt für die Aufſtellung ihrer Stoff:
981 1920 1394 1971 verteilungspläne dienen.
987 2027 1149 2083 Zeitplan
981 2096 2223 2148 Der im Berufsbildungsplan enthaltene Zeitplan vermittelt einen Über-
981 2138 2222 2196 bli> über den Ablauf der im Berufsbild umriſſenen praktiſchen Berufs-
981 2183 2222 2240 ausbildung. Im Zeitplan werden dementſprechend die einzelnen Aus-
