1166 1654
286 108 869 158 Berufsbild der Apotheken-Helferin
385 162 770 202 (für die betriebliche Ausbildung)
428 210 726 249 Ausbildungszeit: 2 Jahre
147 252 1009 291 Das Berufsbild ist für die Ausbildung Jugendlicher verbindlich, auch dann, wenn
146 276 875 312 sich das Ende der Ausbildung mit dem 18. Lebensjahr überschneidet.
146 371 692 416 Arbeitsgebiet der Apotheken-Helferin
147 405 1010 438 Als Arbeitsgebiet sind hier die typischen Arbeiten des erfahrenen Berufs “ ¡ers aufgeführt, soweit sie zur
146 413 1009 457 Kennzeichnung und Abgrenzung des Berufes o? " " sind, Eine as “yen dige zeitweise
146 442 1009 474 Beschränkung anf Einzeltätigkeiten,  * = Arbeit“ nisse, W fe oder Arbeitsverfahren ist
145 460 1008 494 nicht besonders zum Ausdruck zebracht, weil durch die Breite und Einheitlichkeit der vorgeschriebenen
146 469 931 508 Ausbildung erzeicht wird, daß jeder Berufsträger nach einer a Anlaufzeit‘  “ Ihdes
146 496 398 526 Arbeitsgebietes umsetzbar iat.
147 530 897 571 Einfache kaufmännische und technische Arbeiten in Apotheken.
146 575 739 613 Ausgestalten von Schaufenstern und Schaukästen.
146 619 677 657 Pflegen und Instandhalten der Arbeitsgeräte.
146 700 1007 745 Fertigkeiten und Kenntnisse, die in der Ausbildungszeit zu ver-
146 736 299 769 mitteln sind
146 764 1008 796 Kenntnisse, die mit dem E ' der U hrdem Fer ' swangsläufig _ und
145 783 1009 813 Voranssetzung für die richtige Anwendung der Fertigkeiten sind, werden hier nicht gesondert auf-
146 799 936 831 geführt. Dies bezieht sich auch auf die mit der Br Tr genden Ar»
145 817 1008 849 bestimmungen (z. B. gewerbejolizeiliche Bestimmungen, Berufsgenossenschaftsvorschriften, Jugend-
145 837 1008 883 schutzgesete). Alle arforderli ien Kenntnisse werden ebenso wie der Umfang der Fertigkeiten im
147 853 534 888 Berufsb‘" tungsplan ausfübrlich erläutert.
145 907 301 944 Notwendige:
145 954 1009 992 Kennen der Organisation des Apotheken-Betriebes hinsichtlich der Waren
146 979 349 1018 und Erzeugnisse.
145 1027 1008 1065 Kennen der wichtigsten gesetzlichen Bestimmungen des Apotheken-
145 1054 266 1084 Betriebes.
144 1095 567 1133 Arbeiten für die Warenbehandlung:
144 1121 644 1159 Ausführen von Bestellungen nach Angabe.
144 1148 905 1185 Annehmen, Vergleichen, Auszeichnen und Einordnen der Waren.
144 1177 619 1211 Hilfsarbeiten in der Apothekendefektur.
143 1200 1007 1240 Abfüllen bzw. Abpacken und Verkaufsfertigmachen von Eigenerzeugnissen.
144 1226 666 1264 Verwalten und Pfleger von Lagerbeständen.
145 1273 589 1307 Kaufmännische Verwaltungsarbeiten:
144 1296 825 1335 Einfache Arbeiten in der Betriebs- und Lohnbuchhaltung.
144 1322 449 1355 Arbeiten im Geldverkehr.
145 1349 1007 1387 Ausführen aller Berechnun; arbeiten für den Kreditverkehr insbesondere
144 1360 674 1415 mit den Versicherungs- und Fürsorgeträgern.
144 1403 439 1441 Prüfen von Rechnungen,
518 1454 634 1484 Bitte wenden!
143 1486 1006 1529 5è B.G. Teubner Leipzig Best.-Nr. B 686.27
