827 1170
330 66 509 99 Die Prüfungsarbeit
329 98 767 127 An ber Prüfungsarbeit foll zu exkennen ſein, baß der Prüfling die am
329 121 767 149 häufigſten vorkormmenben notwendigen Fertigkeiten ſeines Berufes infolge
329 145 768 173 twicherholser Übung beherrſcht. Dementſprechend iſt bie Prüfungösarbelt aus
329 170 768 195 hem Yxheitegebiet- des Berufes zu entnehmen, Sie ſoll nicht zu umfangreich
329 193 767 220 fein, danrit in dex zur Verfügung ſehenden Prüfzeit eine gründliche Prüfung
329 216 520 242 in allen Einzelheiten möglich iſt.
329 243 775 270 Einheitsprüfungöarbelten, bie ben obengenannten Bedingungen entſprechen, .
329 270 443 296 werden zugelaſſen.
329 293 767 321 Zur Ausfühzung ber. Prüfungsarbeit müſſen dem Prüfling einwandfreie
329 317 767 347 Maſchinen, Wexkzeuge und Schleifmittel zur Verfügung geftellt werden. Die
329 341 767 371 zu polierenden Gegenſtände müſſen werkgerecht für das Polieren vor:
329 365 406 390 bereitet ſein.
322 392 767 419 - Der Pricfling muß bie normalen Arbeitömethoben kennen, Gber die von ihm
328 413 767 441 angewandte Arbeltsweiſe berichten könen und über bie Werkſtoffe ber
329 438 522 469 Präfungsarbeit unterrichtet ſein.
325 488 536 533 Die Fertigkeitsprüfung
