1166 1654
440 135 780 181 Seeliſche Anforderungen
182 195 1041 234 Notwendig: Gutes Verſtändnis für tehniſhe Wirkungszuſam-
384 224 1041 263 menhängez te<niſches Urteil; te<hniſche Kombina-
383 257 532 292 tionsgabe:
395 290 1040 330 Raſches Erfaſſen des Zuſammenſpiels der einzelnen Ma-
394 320 1041 360 ſchinen- und Apparateteile. Feſtlegen der zwe>mäßigen
395 352 1041 389 Arbeitsgänge zur Herſtellung des Stückes. Prüfen von
395 380 1006 420 Maſchinen. Finden und Beſeitigen von Fehlerquellen.
358 427 763 466 Gutes räumliches Vorſtellen:
395 464 1040 502 Leſen von Zeichnungen. Ermitteln von Kurven aus der
396 494 1047 553 Werkzeichnung oder nach Muſter. |
356 541 745 580 Raſche und ſichere Reaktion:
394 575 1040 616 Richtiges Einſtellen und Schalten der Maſchine. Schnelles
395 607 1040 646 Handeln bei Störungen im Lauf der Maſchine (mehrere
395 637 1041 676 Arbeitsgänge laufen gleichzeitig abz es ſind mehrere Ma-
394 666 1040 705 ſchinen zu handhaben). „Lange Leitung“ führt zur Bez
394 695 696 733 ſchädigung der Maſchinen.
356 743 1039 785 Befähigung zur planmäßigen Arbeitseinteilung:
394 779 1040 818 Die Arbeit des Automateneinrichters iſ weitgehend an
394 809 1039 848 die Werkzeugmaſchinen gebunden, ihre Leiſtung hängt
395 839 1040 877 jedoch von ihrer wirtſchaftlichen Ausnußung und von der
395 868 1039 908 zwe>mäßigen Arbeitseinteilung ab. Der Arbeitsgang der
394 898 1039 937 Maſchine ſoll möglichſt flott ſein, „Totzeiten“ ſollen mög-
395 927 738 965 lichſt vermieden werden. '
354 975 1038 1042 Umſichtige,ge wiſfenhafte und zuverläſſige Arbeits-
383 1012 469 1039 meie:
393 1041 1030 1080 Der Automat ift eine teuere Maſchine. Abſtellung bzw.
394 1071 1031 1109 Meldung auch der ſcheinbar kleinſten Fehler ift notwendig
395 1101 1039 1139 Bei größeren Stückzahlen dauernde Überwachung der
394 1129 1039 1168 Stucke auf Maßhaltigkeit und Sauberkeit. Genauigkeit
393 1162 543 1196 beim Meſſen
175 1210 940 1249 Ausſchließend: Geringe geiſtige und praktiſche Wendigkeit.
353 1258 1036 1300 Flüchtige, planloſe oder ſchematiſche, an genaue
380 1288 907 1330 Anweiſungen gebundene Arbeitsweiſe.
