2481 3508
398 2105 454 2161 4.
479 235 2231 309 in dieſem Fall aber über die zweijährige Ausbildung hinaus erziehertfch
479 298 2230 372 betreut werden, bis er das 18, Lebensjahr vollendet hat. (Vgl. auch Ab-
479 360 717 427 fchnitt 4.)
477 553 1286 625 Anwendung des Berufsbildes
479 648 2232 722 Das Berufsbild enthält die grundlegende Zielſeßung für die praktiſche
479 710 2228 784 Ausbildung und muß, damit die Ausbildung — Üüberbetrieblich geſehen —
476 774 2230 848 in den Grundzügen einheitlich durchgeführt wird, durch Einfügung in den
477 836 2167 910 Ausbildungsvertrag ein weſentlicher Beſtandteil dieſes Vertrages fein.
481 925 2231 998 Die im Berufsbild aufgeführten Fertigkeiten werden ihrem Inhalt und
481 987 2229 1063 Umfang nach im Berufsbildungsplan eingehend umriſſen. Ebenſo
477 1053 2227 1124 enthält der Berufsbildungsplan Beiſpiele für Zeitpläne, nach denen die
477 1115 2228 1188 Yusbildung planmäßig und unter Berükſichtigung der jeweils gegebenen
478 1179 2230 1251 betrieblichen Verhältniſſe erfolgen kann. Der Berufsbildungsplan ent-
477 1244 2228 1314 wicelt keine ſtarre Form für die Durchführung der Ausbildung, ſondern
477 1304 2225 1377 trägt mehr den Charakter einer Richtlinie, die Anregungen und Beiſpiele
479 1367 2227 1439 dafür gibt, wie die im Berufsbild gegebenen Anforderungen erfüllt werden
477 1432 2229 1501 fönnen. Daneben können dem Jugendlichen entſprechend der betrieblichen
476 1493 2225 1565 Eigenart auch Arbeiten übertragen werden, die ſeinen Geſichtskreis im
475 1557 2227 1629 Rahmen des B:rufsbildes erweitern, oder es können einzelne Fertigkeiten
477 1620 1691 1688 über das notwendige Mindeſtmaß vertieft werden.
474 1707 2227 1779 Die Vermittlung aller im Berufsbild aufgeführten notwendigen Fertig-
474 1771 2221 1841 feiten und der Gefichtspunft, die fachliche Ausbildung des Jugendlichen
473 1833 2224 1906 nicht über Gebühr auszudehnen, ſeßen voraus, daß die Ausbildung plan-
473 1896 1297 1965 mäßig und nfetbodifch erfolgt.
471 2100 2225 2175 Betreuung der JZugendlichen vor und nach der praktrſchen Berufs-
473 2171 777 2241 ausbildung
468 2271 2219 2338 Der Grundſaß einer umfaſſenden Ausbildung der Jugendlichen bis zur
473 2334 2220 2399 Bollendung des 18. Kchensjahred macht je nach dem Alter, in dem die
470 2395 2220 2462 Sugendlichen in die Berufsausbildung eintreten bzw. dieſe beenden, eine
468 2456 2221 2524 zufäßliche erzieheriſche Betreuung erforderlich, die vom Betriebgsführer oder
472 2519 1849 2586 durch eine von ihm beauftragte Perſon durchzuführen ift.
469 2605 2218 2672 Die Borbereitunggzeit dient im weſentlichen der Arbeitgerziehung.
468 2667 2221 2733 Sie muß der Berufsausbildung vorgeſchaltet werden, wenn der Eintritt
467 2729 2219 2796 in den eigentlichen Ausbildungsabfchnitt fchon vom Jugendlichen eine
469 2791 2221 2858 vorgefchrittene körperliche Entwicflung und charakterliche Haltung fordert.
470 2855 2220 2922 In dieſer Vorbereitungszeit im Betrieb kann eine zuverläſſige Ausleſe
468 2918 2217 2989 der für die Berufsausbildung geeigneten Jugendlichen ſtattfinden. Das
468 2980 2218 3048 Ziel der Vorbereitung kann hinſichtlich der Arbeitserziehung auch in einer
469 3043 2221 3111 außerhalb des ausbildenden Betriebes erfolgenden planmäßigen Be-
