1169 1654
360 147 860 194 Berufseignungsanforderungen
393 196 824 231 für den Eintritt in den Anlernberuf
504 246 714 292 Asphaltierer
177 305 1041 340 Die Begründungen für die einzelnen Eignungsanforderungen sind aus den Berufs-
177 328 1041 362 anforderungen abgeleitet, wie sie sich aus dem Arbeitsgebiet, der Berufsausübung
177 355 900 386 sowie den besonderen Arbeitsbedingungen des Asphaltierers ergeben.
355 436 864 480 Vorbildungsmäßige Anforderungen
176 475 326 512 Notwendig:
176 518 1040 555 Volksschulbildung oder gleichwertige Allgemeinbildung bei Abgängern aus
177 544 1040 580 anderen Schulen: Durchschnittliche Kenntnisse in Raumlehre und
178 575 291 606 Rechnen,
177 598 1040 634 Begründung: Errechnen von ebenen Flächen und Asphaltstärken für den Bau-
176 622 969 656 stoffbedarf. Einfache Prozent-Rechnung für die Baustoffzusammensetzung.
178 682 369 718 Ausschließend:
176 728 1039 766 Hilfs-, Sehschwachen-, Blinden-, Schwerhörigen- und Taubstummenschul-
177 754 278 792 bildung.
411 823 812 865 Körperliche Anforderungen
176 874 1040 909 Vorbemerkung: Die unter „Notwendig“ genannten körperlichen Eignungsanforde-
176 898 1039 932 rungen sollen in erster Linie dem Berufsberater zum Finden des Berufsvorschlages
176 922 1040 956 verhelfen; die unter „Ausschließend“ aufgeführten sollen dagegen dem Arzt eine
176 946 875 980 elastisch anzuwendende Richtschnur für die Negativauslese bieten.
179 1003 326 1040 Notwendig:
176 1046 1039 1085 Mittelkräftiger Körperbau; körperliche Gewandtheit ; gutausgebildete, bei
176 1072 1038 1110 Dauerbeanspruchung nicht leicht ermüdbare Muskulatur des Oberkörpers;
177 1099 1038 1137 guter allgemeiner Gesundheitszustand (Wetterfestigkeit und Unempfind-
174 1126 790 1163 lichkeit gegen Hitze und wechselnde Temperaturen),
176 1153 1048 1187 Begründung: Muskelbeanspruchung des Oberkörpers besonders beim Knien und
176 1176 1039 1210 Bücken. Arbeiten im Freien bei wechselnder Witterung. Häufiges und langdauern-
176 1200 1039 1233 des Knien unter starker Anstrengung der Arme. Das Knien auf dem Boden unter
176 1223 1039 1257 Kraftanwendung beim Spachteln stellt hohe Anforderunken an die Rücken- und
175 1246 1039 1280 Armmuskulatur. Das Führen des Spachtels fordert beiderseitige, kräftige Finger-
178 1274 311 1299 muskulatur.
178 1313 657 1348 Gesunde Atmungs- und Kreislauforgane.
176 1338 1039 1372 Begründung: Starke Belastung der inneren Organe bei den verschiedensten Arbeits-
175 1365 813 1395 verrichtungen. .
176 1402 738 1440 Normale Sehschärfe (mindestens ?/, beiderseits).
177 1433 631 1464 Begründung: Fluchten, Tafeln. Profilieren.
176 1483 195 1509 2
