1166 1654
187 144 884 186 Offene Gaumenspalte, behinderte Nasenatmung (Stenosen).
187 186 1051 225 Lungentuberkulose einschl. Kehlkopftuberkulose (offene, fortschreitende
187 213 731 252 geschlossene) einschl. Tuberkulose-Gefhrdete.
186 255 915 293 Andere chronische Krankheiten der Lunge oder der Luftwege.
187 298 656 335 Funktionsuntchtigkeit des Kreislaufes.
187 340 1051 377 Chronische Magen- und Darmkrankheiten, insbesondere mit wesentlicher
187 365 993 404 Beeintrchtigung des allgemeinen Ernhrungs und Krftezustandes.
187 407 610 443 Chronische Krankheiten der Nieren.
187 449 1050 487 Chronische organische Nervenkrankheiten mit Neigung zu Krampf- oder
188 475 1051 513 Schwindelanfllen e1nschl. Epilepsie, mit Bewegungsstrungen an den
187 502 1069 562 oberen bzw. unteren Gliedmaen, (
187 544 638 582 Hochgradig nervse bererregbarkeit.
186 585 1050 622 Fehlen des Daumens an der Gebrauchshand oder von mehr als zwei Fingern
186 615 772 651 an jeder Hand oder einer Hand oder eines Armes.
187 655 429 689 Fehlen eines Beines.
440 739 801 779 Seelische Anforderungen
186 788 1050 822 Vorbemerkung: Der Eintritt in den Beruf des Asphaltierers setzt an allgemeinen
187 813 526 847 Eignungsanforderungen voraus:
279 845 969 879 Arbeitswille, Gewissenhaftigkeit und Verantwortungsbewutsein;
281 869 455 903 Vertrglichkeit;
280 893 501 926 Allgemeinbegabung;
282 916 558 950 Handgeschicklichkeit und
282 941 453 974 Selbstndigkeit.
186 972 987 1007 Im folgenden sind darber hinaus die besonderen Anforderungen aufgefhrt.
187 1031 335 1067 Notwendig:
186 1075 313 1106 Formsinn;
185 1097 389 1134 Formauffassung;
186 1127 359 1161 Formvergleich
186 1148 1067 1190 Begrndung Auffassen von Flchen und Unebenheiten. Lesen einfacher Zeich-(
185 1174 916 1208 nungen Profilgerechtes Auftragen der Asphaltmasse nach Augenma
185 1211 862 1248 Flotte, dabe aufmerksame und zuverlssige Arbeitsweise.
186 1239 1048 1272 Begrndung: Einhalten der vorgeschriebenen Strken. Vermeiden von Uneben-
185 1261 1048 1296 heiten beim Einbau. Schnelles und sicheres Verteilen der Asphaltmasse. Einhalten
185 1285 656 1319 von Bau- und Unfallverhtungsvorschriften.
184 1339 374 1378 Ausschlieend:
185 1391 908 1428 Praktische Schwerflligkeit. -
185 1432 461 1471 Flchtige Arheitsweise.
185 1489 206 1516 4
