1813 2508
327 160 1580 213 Sofern der Jugendliche bereits im Alter von 14 Jahren eingeſtellt wird,
325 207 1578 258 kommt eine der praktiſchen Berufsausbildung vorausgehende Vorbereitung
324 252 1578 303 in Geſtalt einer Arbeitserziehung nicht in Betracht. Der Jugendliche muß
325 297 1577 349 aber in dieſem Fall uber die 2 jährige Ausbildungszeit hinaus erzieheriſch
324 342 1575 394 betreut werden, bis er das 18. Lebensjahr vollendet hat. (Vergl. auch Ab-
323 389 493 440 Schnitt 4.)
270 519 906 574 3. Anwendung des Berufsbildes
322 592 1576 643 Das Berufsbild enthalt die grundlegende Zielſetzung fur die praktiſche
322 636 1576 688 Ausbildung und muß, damit die Ausbildung — überbetrieblich geſehen — in
324 682 1636 761 den Grundzügen einheitlich durchgefuhrt wird, durch Einfügung in ce
322 727 1534 779 Ausbildungsvertrag ein weſentlicher Beſtandteil dieſes Vertrages fein.
322 787 1575 838 Die im Berufsbild aufgeführten Fertigkeiten werden ihrem Inhalt und
322 833 1573 884 Umfang nach im Berufsbildungsplan eingehend umriſſen, Ebenſo
320 878 1573 929 enthält der Berufsbildungsplan Beiſpiele für Zeitpläne, nach denen die
320 924 1574 975 Ausbildung planmäßig und unter Beruckſichtigung der jeweils gegebenen
318 970 1574 1021 betrieblichen Verhältniſſe erfolgen kann. Der Berufsbildungsplan ent-
319 1014 1573 1068 wickelt keine ſtarre Form fur die Durchfuhrung der Ausbildung, ſondern
318 1060 1571 1111 trägt mehr den Charakter ciner Richtlinie, die Anregungen und Beiſpiele
318 1107 1570 1157 dafur gibt, wie die im Berufsbild gegebenen Anforderungen erfüllt werden
319 1152 1571 1202 können. Daneben können dem Jugendlichen entſprechend der betrieblichen
318 1197 1571 1249 Eigenart auch Arbeiten übertragen werden, die feinen Geſichtskreis im Rah-
318 1243 1569 1294 men des Berufsbildes erweitern oder es konnen einzelne Fertigkeiten über
318 1289 1089 1340 das notwendige Mindeſtmaß vertieft werden.
316 1348 1570 1399 Die Vermittlung aller üm Berufsbild aufgefuhrten notwendigen Fertig:
317 1394 1569 1445 keiten und der Geſichtspunkt, die fachliche Ausbildung des Jugendlichen
315 1439 1569 1491 zeitlich nicht über Gebuhr auszudehnen, feßen voraus, daß die Ausbildung
316 1485 982 1536 planmáß1g und methodiſch erfolgt.
263 1616 1569 1673 4. Betreuung der Jugendlichen vor und nach der praktiſchen Berufs-
314 1669 538 1724 ausbildung
313 1737 1567 1789 Der Grundfaß einer umfaſſenden Ausbildung der Jugendlichen bis zur
314 1782 1566 1834 Vollendung des 18. Lebensjahres macht je nach dem Alter, in dem die
313 1830 1567 1881 Jugendlichen ın die Berufsausbildung eintreten bzw. dieſe beenden, eine
312 1874 1567 1927 zufäßliche erzieberifche Betreuung erforderlich, die vom Betriebsführer
314 1919 1382 1972 oder durch eine von ihm beauftragte Perſon durchzufuhren iſt.
313 1979 1566 2032 Die Vorbereitungs8zeit dient im weſentlichen der Arbeitserziebung.
315 2024 1566 2077 Sie muß der Berufsausbildung vorgeſchaltet werden, wenn der Eintritt
313 2069 1566 2122 in den eigentlichen Ausbildungsabfehnit ſchon vom Jugendlichen eine
311 2116 1566 2169 vorgeſchrittene körperliche Entwi>lung und charakterliche Haltung fordert.
310 2161 1565 2215 In dieſer Vorbereitungszeit 1m Betrieb kann eine zuverläffige Auslefe der
310 2209 1565 2264 für die Berufsausbildung geeigneten Jugentlichen ſtattfinden. Das Ziel
