1762 2527
264 1157 292 1200 8
320 177 1572 228 braucht nicht in der Reihenfolge der Fertigkeiten des Berufsbildes zu er:
322 222 1572 275 folgen; fie kann in einer der Abteilungen beginnen, die im gegebenen Zeit:
320 268 1573 319 punkt die Moglichkeit zur Ausbildung bietet. Im Sinne der planmigen
320 314 1572 365 Ausbildung nach den Anforderungen des Berufsbildes hat nur rechtzeitig
320 358 1571 413 ein Wechel in der Bechaftigung zu erfolgen. Der Jugendliche ollte auch
319 404 1572 456 mehrfach in der gleichen Abteilung bechaftigt werden, wenn es fch
319 450 1570 502 um Fertigkeiten handelt, die nur durch wiederholtes Uben hinreichend ent-
319 496 1571 547 wickelt werden knnen. Die notwendige Beruckichtigung der im Einzelfall
318 542 1571 594 gegebenen betrieblichen Verhaltnie bedingt es, unter Einhaltung des
319 586 1570 638 Berufsbildes verchiedene Mglichkeiten fur die Durchfhrung der prak-
318 632 1573 683 tichen Berufsausbildung vorzuehen und moglich mehrere Beipiele
319 681 1636 764 olcher Zeitplne zu geben.
315 811 710 866 Ausbildungsvertrag
321 885 1573 936 Die praktiche Berufsausbildung des Autogenbrenners erfolgt auf der
319 929 1573 981 Grundlage eines Ausbildungsvertrages, der den Betriebsfuhrer und den
318 975 1573 1027 Jugendlichen zur Durcbfubrung der Erziehung und der praktichen Aus-
319 1021 1285 1071 bildung nach den Angaben des Berufsbildes verpflichtet.
317 1151 639 1208 Abchluzeugnis
318 1224 1570 1282 Nach Beendigung der praktichen Berufsausbildung erhalt der Autogen-
319 1270 1570 1322 brenner ein Abchluzeugnis, das vom Betrieb auf Grund einer ber-
317 1315 1489 1367 prfung der erworbenen Fertigkeiten und Kenntnie ausgetellt wird.
