1833 2533
261 515 290 557 2
315 169 1567 221 ausfuhren kann. Der Autogenbrenner dagegen lernt in caner Ausbildung
315 217 1567 267 auch chwierige Schneidarbeiten mt Schnerdwerfzeugen und - machinen
315 260 1568 312 verchiedener Art ausfuhren. Daruber hinaus wird der Autogenbrenner
314 305 1567 358 in einer Ausbildung auch mit den wichtigten Grundfertigkeiten der
315 350 1567 403 Metallbearbeitung bekanntgemacht. Ebeno bedingt die Berufstatigfeit
315 399 1432 450 des Autogenbrenners die Vermittlung grundlegender Kenntnie.
315 509 855 564 Gliederung der Ausbildung
315 582 1567 635 Da Jugendliche bis zur Vollendung des 18. Lebengjahres grundlich
313 627 1568 683 einer erzieherichen Betreuung bedrfen, fo konnen fich die erzieherichen
315 674 1567 725 Manahmen im Rahmen der Ausbildung nicht auf den Zeitabchnitt der
314 718 1567 773 praktichen Berufsausbildung bechrnken, ondern men auch auf die
315 764 1567 816 davor- bzw. dahinterliegende Zeit bis zur Vollendung des 18. Lebensjahres
315 814 660 861 ausgedehnt werden.
315 876 1568 926 In dieer auf vier Jahre begrenzten Zeit konnen zwei bzw. drei Haupt-
315 919 1569 971 abchnitte (1., 2., 3.) in der Gliederung der Ausbildungszeit auftreten,
315 966 1568 1018 je nachdem der Beginn der praktichen Berufsausbildung im Alter von
318 1008 1567 1063 16 (A), 15 (B) oder 14 (C) Jahren einetzt, wobei gleichzeitig wieder die
315 1053 1566 1108 drei folgenden Mglichkeiten A bis C hinichtlich der Reihenfolge zu
315 1102 635 1152 untercheiden find:
614 1166 1567 1225 A. 1, Vorbereitung (allgemeine Arbeitserziehung) im
705 1216 968 1264 Arbeitsvertrag.
668 1276 1566 1328 2. Praktiche Berufsausbildung im Ausbildungs-
710 1331 847 1374 vertrag.
352 1407 1566 1473 Zugleich B. 1. Vorbereitung (allgemeine Arbeitserziehung) im
357 1453 973 1526 Berufs- Arbeitsvertrag.
339 1513 1566 1583 erziehung 2. Praktiche Berufsausbildung im Ausbildungs-
313 1569 1565 1677 in allen drei ade <b 2 ur blo b-
451 1630 1566 1675 Be + etreuung na "er pra ti en "usw nung "ei
313 1642 1444 1722 Abchnitten. Ausbung des Berufes im Arbeitsvertrag.
622 1750 1566 1804 C. 1. Praktiche Berufsausbildung im Ausbildungs-
708 1806 846 1849 vertrag.
667 1861 1566 1915 2. Betreuung nach der praktichen Ausbildung bei
709 1910 1445 1960 Ausbung des Berufes im Arbeitsvertrag.
313 1985 1566 2036 Tritt 3. B. der Jugendliche mit dem 16. Lebensjahr in die praktiche Be-
313 2031 1567 2085 rufsausbildung ein, o mu vorausgeet werden, da er in den beiden
312 2078 1565 2128 vorausgehenden Jahren, in denen er entweder im ausbildenden Betriebe
314 2123 1566 2174 oder anderweitig im Arbeitsverhltnis tand, in entprechender Weie eine
311 2168 1566 2220 Arbeitserziehung erhalten hat, wie ie grundfglich allen Jugendlichen
314 2217 704 2265 vermittelt werden oll.
