2481 3508
276 167 1507 217 Indutriepraxis, der Staat8brgerkunde und der Handelskunde, das Thema
275 235 1507 297 des zweiten Aufaes wird aus dem technichen Arbeitsgebiet entnommen.
277 292 1507 359 Bei den Aufgaben aus dem kaufmnnichen Rechnen oll der Prfling
276 360 1506 433 nachweien, da er icher rechnen kann und die wichtigten Rechnungs-
277 445 887 511 arbeiten beherrcht. Zu prfen ind:
317 530 1507 581 Auf das Fachgebiet und auf die kaufmnniche Praxis eingetellte Auf-
319 599 1523 651 gaben und zwar |
315 673 1507 725 a) die in dem Ausbildungsbetrieb vorkommenden fachlichen Rechnungs:
361 744 1510 797 arten, 3. B. Flchen-, Gewichts-, Krper- und Legierungsberechnung,
315 815 1243 882 b) die gebruchlichen kaufmnnichen Rechnungsarten.
280 895 1510 951 Bei der chriftlichen Prfung wird auch Stil, Grammatik, Rechtchreiben,
278 967 1508 1018 Handchrift und Sauberkeit owie die uere Form der Arbeiten bewertet.
277 1036 1509 1091 Die Geamtzeit fr die Anfertigung der chriftlichen Arbeiten betrgt in
280 1111 1222 1175 der Regel 5 Stunden. -
280 1189 1523 1243 Kenntnie in Kurzchrift und Machinenchreiben knnen in einer zuf-
278 1260 1510 1314 lichen chriftlichen Prfung nachgewieen werden. Die Prfungszeit foll
279 1335 704 1382 etwa 1 Stunde betragen.
249 1464 759 1524 . Die mndliche Prfung
280 1557 1523 1609 Die mndliche Prfung oll den Prfenden Gelegenheit geben, den Prf-
280 1626 1041 1678 ling beruflich und menchlich kennenzulernen
281 1706 1359 1759 Die Prflinge knnen einzeln oder in Gruppen geprft werden.
280 1786 1513 1849 Die Prfung geht in Form einer freien Unterhaltung nach Art eines
282 1857 1514 1911 Wechelgeprches vor ich. Eine Trennung nach Prfungsgebieten erfolgt
280 1912 1146 1991 in der mndlichen Prfung im allgemeinen nicht.
281 2008 1513 2065 Die mndliche Prfung dient in erter Linie dazu, etwaige Lcken und
283 2080 1515 2135 Mngel, die ich bei der fchriftlichen Prfung gezeigt haben, auszugleichen.
285 2154 1516 2206 Neben Fragen aus der Staatsbrgerkunde owie aus Gebieten des mehr
1488 2243 1517 2281 2
