1654 2339
341 160 1505 206 Sinpfe, Rugelfnpfe (DT 1420), Rinopfbolzen, Leiteollen, Stellchrauben, Griffe
340 202 587 247 und Griffblfen.
293 256 1506 304 K: Automatenarten: Voll- und Halbautomaten, Ein- und Mehrpindel-
290 301 1504 350 automaten. Bei Einpindelautomaten Aufteilung in Form- und Schrauben-
290 352 1151 397 automaten, Langdrehautomaten, Revolverautomaten.
290 395 1505 446 Der Eina der Automaten in der Fertigung bei greren Stckzahlen
291 440 1506 493 lohnend, bei lngerer Bearbeitungsdauer gengen fchon etwa 500 Stck,
290 488 1506 537 bei krzerer dagegen ert mehrere Tauend. Hertellung von Drehteilen auf
291 533 1505 583 Automaten nur bei Verwendung von geeignetem Werktoff (Automaten-
290 579 1504 629 werktoffe). hnlichkeit zwichen der Arbeit8weie des Automaten und der
290 627 1503 678 Drehbank; auch an Automaten Ausfhrung von Lang-, Plan- und Form:
290 673 1503 726 dreharbeiten owie Bohren, Gewindechneiden uw. Im Gegena zur
292 721 1504 769 Drehbank verluft am Automaten das Anftellen der Werkzeuge, in der Regel
290 764 1504 818 auch das Spannen, elbtttig und der Arbeitsahlauf erfolgt erheblich fchnel-
290 811 1504 860 ler. Mglichkeit am Automaten mehrere Arbeitsgnge gleichzeitig ablaufen
289 858 1503 909 zu laenz Enttehung hufiger Schwierigkeiten, 3: B. beim Gewindechneiden
289 901 1502 957 (Lehrling hierauf beonders hinweien). Weentliches Abkrzen der Stck-
288 950 1501 999 zeit durch gleichzeitiges Arbeiten von Revolver- und Seitenchlitten. Scho-
289 995 1502 1047 nung der Werkzeuge durch innvolle Ausfhrung der Arbeitskurve, z. B.
289 1042 1502 1090 beim Bohrer Ducch Bohren mit kleinen Unterbrechungen oder beim Form-
290 1086 1425 1136 tahl durch vorheriges leichtes berdrehen des {<warzen Werktoffes.
290 1135 1502 1183 Notwendigkeit zur fteren Prfung der fertigen Arbeitsftde auf Ma-
288 1181 1502 1229 und Lehrenhaltigkeit (auf Grund der frher erworbenen Fertigkeiten und
287 1227 671 1275 Kenntnie im Meen).
287 1316 769 1363 Intandhalten der Automaten
287 1365 1502 1421 F: Pflegen der Machinen, ltellen und Schlittenfhrungen tglich ab-
287 1415 1501 1464 chmieren unter Beachtung des Schmierplans, Erkennen von Strungen im
289 1460 1501 1510 Lauf der Machine, am Geruch u. a. m. Eintellen der Schlittenfhrungen
289 1507 1037 1559 am Revolverkopf und an den Abtechchlitten.
287 1558 797 1601 Beeitigen von Strungen
337 1621 1204 1667 Arbeitsbeipiele: Bei einchlgigen Arbeiten ausfhren.
291 1682 1499 1730 K: Abhngigkeit der Lebensdauer der Machine bei gleichbleibender Arbeits-
289 1727 1498 1776 genauigkeit. Nur einwandfreie Machinen und Wirkzeuge ichern gute Ar-
288 1771 1038 1824 beit. Arten der Schmiermittel und Hilfstoffe.
288 1868 1497 1916 Herfiellen von einfachen Bearbeitungswerkzeugen und Arbeitskurven
286 1916 1027 1965 owie Intandezen der Automatenwerkzeuge
288 1969 1497 2020 F. Einfache Werkzeuge, Arbeitskurven durch Schmieden, Feilen, Fren,
290 2016 1496 2065 Bohren, Hobeln hertellen. Glhen, Hrten, Anlaen und erforderlichen-
283 2081 327 2119 20
