1654 2339
201 157 1419 202 Richtige Arbeitsplaßgeſtaltung und Arbeitshaltung fördern eine gute Körper-
201 199 1182 244 entwicklung und verhindern die Entſtehung von Verkrümmungen.
201 240 1418 287 Zum Ausgleich der einfeitigen Muskelbeanſpruchung bei der Arbeit ſoll dem Lehr-
201 284 1419 329 ling Gelegenheit zu Entfpannungsübungen gegeben werden. Der Wert einer guten
201 325 1417 373 Förperlichen Durchbildung in feiner Freizeit Durch Turnen und Sport iſt ihm nach-
201 367 1417 413 drüdlichſt flar zu machen. Die Steigerung der Gewandtheit fördert die Gefchichlich-
203 408 967 455 Feit bei der Arbeit und vermindert die Unfallgefahr.
203 465 1418 520 Zur Pflege der Charakter- und Willensbildung find bei gegebenen
202 513 1419 563 Gelegenheiten (bei Betriebsapellen, durch aufflärende Unterhaltungen bei
202 560 1420 612 der Arbeit zwiſchen Ausbilder und Lehrling, durch Fürſorge und Betreuung
202 606 1420 657 bei perſönlichen Nöten, durch Arbeitsplaß- und Kleidungskontrollen, bei
203 652 1421 703 der Führung der Werkbücher ut. dgl.) u. a. folgende Eigenſchaften zu fördern
204 699 465 748 und zu ſchulen:
204 759 1419 805 Pünktlichkeit und Haltung dem Ausbilder und Lehrergegenüber erziehen zurMannes-
206 801 1419 846 zucht und Ordnung. Der Lehrling ſoll zur Reinlichkeit des Körpers und der Arbeits-
196 844 1420 888 ‚Heidung ebenſo angehalten werden wie zur Ordnung am Arbeitsplaß und zur
207 885 1420 931 Sauberhaltung der Maſchinen und Werkzeuge. Für ihn gilt der Spruch: „Zeige
206 926 1224 974 mir Dein Werkzeug und ich ſage Dir, was Du für ein Arbeiter biſt.“
206 968 1420 1015 Der Lehrling muß mit beruflichen Mut und mit Tatkraft an jede, wenn auch noch
206 1009 1420 1059 fo ſchwierige Berufsarbeit herangehen. Beruflicher Mut und körperlicher Mut, ber
204 1053 976 1098 im Sport gepflegt werden ſoll, müſſen ſich ergänzen.
207 1094 1420 1140 Das Vertrauen zwiſchen Lehrling, Ausbilder und Lehrer muß auf Treue und Ehren-
205 1135 1420 1185 haftigkeit aufgebaut ſein. Die Übertragung von Verantwortung erzieht zur Treue.
206 1177 1421 1227 Offenheit und Wahrheitsliebe müſſen den Lehrling veranlaſſen, berufliche und
208 1221 1423 1267 menſchliche Fehler einzugeſtehen, um daraus zu lernen, wie ſie in Zukunft vermieden
207 1264 1421 1308 werden fönnen, Die Treue gegenüber bem Lehrherrn und dem Staat fordert Ver-
206 1306 1336 1351 ſchwiegenheit, insbefondere auch die Bewahrung von Betriebsgeheimniffen.
207 1347 1421 1392 Mit Pflichtbewußtſein und Verantwortungsgefühl muß der Lehrling die Aus-
206 1389 1422 1438 führung jeder Arbeit zur verlangten Güte ſteigern. Er muß den Wert der Arbeit
208 1430 1422 1476 und die Zuſammenhänge erkennen und Durch Sparſamkeit mit den ihm zur Ver-
207 1472 1424 1522 fügung geſtellten Werkſtoffen zur Wirtſchaftlichkeit erzogen werden. Leiſtungswillen
206 1514 1422 1560 und Leiſtungsbereitſchaft ſoll der Lehrling durch ſorgfältige Führung des Werk-
207 1557 1422 1603 buches mit der Rechenſchaft über die verbrauchte Zeit beweiſen. Freiwillige Teil-
206 1599 1422 1644 nahme am Reichsberuf8wettkampf muß für jeden leiſtungswilligen Lehrling Ehren
206 1643 357 1685 ſache ſein.
207 1680 1422 1725 Aus der gewiſſenhaften Erfüllung der Berufspflichten muß fich die Berufsehre als
210 1722 810 1767 Grundlage des Berufsſtolzes entwideln.
206 1778 1423 1826 Aus den Erforderniſſen des Staates und der Wirtſchaft ergeben ftch die
207 1823 1423 1875 Aufgaben der Erziehung zur Gemeinſchaft, aus der die Arbeit kommt
208 1869 734 1918 und zu der ſie wieder hinfließt:
209 1930 1423 1975 Betrieb, Schule und Elternhaus müſſen ſich ergänzend gegenſeitig unterftüßen, Die
208 1972 1424 2017 Erziehungsbeihilfe ift ein Ausdruck der Erziehungsgemeinſchaft. Bedürftige Lehr:
210 2012 1424 2060 linge find bei Würdigkeit beſonders zu unterſtützen. Die Eltern ſollen angehalten
1397 2071 1421 2107 3
