1654 2339
207 167 1426 216 elbt, das Zuammenlieen der einzelnen Arbeitsgnge nicht unbedeutende
209 213 771 262 praktiche Kenntnie vorauseten.
210 261 1427 310 Beim Automaten haben wir den Revolverkopf ehr oft mit mehreren Sthlen,
210 307 1425 357 welche zu gleicher Zeit arbeiten, beetzt. Dazu kornmen der vordere und hintere
208 352 1425 403 und vielfach noch der berhngende Abtechchliiten. Alle diee Werkzeuge
209 400 1425 453 arbeiten nicht nux in racher Folge hintereinander, fondern vielfach neben-
209 446 1426 499 einander und gleichzeitig. Wenn der Revolverkopf chaltet und zurdluft,
209 494 1426 544 mu beifpielsmeife chon wieder einer der Seitenchlitten arbeiten, um einen
209 537 1427 592 rachen WVebeitsablauf und damit eine gntige Stckzeit zu gewhrleiten.
212 585 1426 637 Gerade an einer derartigen Machinenaus8nuzung, bei der jede Totzeit
210 632 1426 681 mglicht durch eine produktive Zeripanungsarbeit berdeckt wird, erkennt
211 679 1425 731 man das Knnen des Automateneinrichters. Vielfach find fchwenfbare
211 725 1426 773 Werktoffanchlge, Schliteinrichtungen, Gewindetrhleinrihtungen und
211 772 1425 820 andere Sondereinrichtungen vorhanden, die auf dem Automaten arbeitend
211 818 1425 866 noch zuflich mitbedient werden men. Um aber alle diee Zufaeinrich-
210 863 1426 912 tungen wietfchaftlich ausnuen zu knnen, mu man chon ber auretchende
213 910 1426 958 Erfahrungen in der Einzel- und Maenhertellung von Drehteilen verfgen
211 956 1426 1008 und diee auch elbt geammelt Haben, Derartige praktiche Erfahrungen in
211 1002 1425 1051 der Bearbeitung knnen aber nicht zuert am Automaten elbt, ondern nur
212 1049 1300 1097 an den Vorlufern des Automaten geammelt und erlernt werden.
211 1092 1424 1142 Der Einrichter mu neben den Grundkenntnien des Drehers auch die des
212 1140 1425 1188 Werkzeugmachers volltndig beherrchenz denn er mu fich in vielen
213 1186 1426 1235 Betrieben die Werkzeuge und deren Halter owie die Kurven felbft hertellen
212 1233 1425 1281 bzw. ie o nacharbeiten, da er fie zur Fertigung eines betimmten Werk-
212 1279 1425 1326 t>es verwenden fann. Wenn auch in vielen Automatenbetrieben die Fet-
212 1327 1425 1373 legung der Arbeitsgnge, Berechnung der Kurven u. a. m, in den Arbeits-
211 1371 1425 1419 vorbereitungsbrns erledigt wird, und den Einrichter dann die im Werk-
211 1417 1425 1466 zeugbau gefertigten Kurven und Werkzeuge geliefert werden, fo it doch mit
212 1463 1427 1512 dem Aufte>en der Kurven und dem Einpannen der Stahlhalter und Sthle
211 1510 1426 1558 der Automat noch nicht eingerichtet. Anderereits finden wir in den Betrieben
212 1554 1425 1603 oft Yutomaten, bei denen diee Vorbereitungsarbeiten nicht in den Bros
211 1599 1425 1653 erledigt werden knnen, weil die Kontruktion der Machine dies einfach
211 1647 1426 1696 nicht zult; denn nicht alle Machinen arbeiten mit den tarren Kurven
212 1692 1427 1740 wie z. B. der Indexautomat. Es gibt noch eine groe Zahl von Machinen,
211 1738 1425 1788 bei denen Univeralkurvert Verwendung finden. Hier it wieder die richtige
212 1784 1426 1835 Verwendung der Kurven durch den Einrichter ausfchlaggebend. Auch haben
211 1828 1425 1877 mittlere und kleine Betriebe diee Arbeitsvorbereitung8bros nicht. In ol:
212 1875 1426 1923 chen Betrieben mu der' Einrichter die Arbeitsgnge fr das herzutellende
212 1919 1425 1973 Werktck nach Rprache mit dem Meiter elbt fetlegen, falls er beon-
212 1968 1426 2016 dere Kurven gebraucht, diee berechnen, aufzeichnen, ausarbeiten und ger
213 2013 1424 2065 gebenenfalls auch hrten. Er mu alo anreien, feilen, hrten und viele
1397 2080 1419 2116 5
