1654 2339
288 157 855 204 Schneiden von Spißgewinden
286 220 1501 269 F: Innengewinde für kleinere Durchmeſſer mit Gemindebohrer und Außen-
287 265 1501 316 gewinde mit Schneideiſen auf Drehbank (bei ſteigendem Schwierigkeits-
286 311 1499 364 grad) herſtellen. Außen- und Innengewinde mit Gewindeſtahl bei verſchie-
287 359 1500 412 denen Gewindeausläufern ſchneiden. Bei Fertigung größerer Stückzahlen
286 405 1501 458 mit Gewindeſtahl vorfchneiden und mit Strähler fertigſchneiden. Schneiden-
287 452 1500 501 winkel des Gewindeſtahles und Stellung zum Werkſtück vor Beginn der Be-
286 497 1500 548 arbeitung feſtſtellen. Wechſelräderbere<hnung auf Maſchine durch entſprechende
288 546 1501 596 Zuſammenſtellung der Räderſäße übertragen. Gewinde mit Gewindelehren
286 592 652 639 prüfen und beurteilen.
335 677 1500 723 Arbeits beiſpiele: Schrauben (DT 1427), Rändelſcheauben (DT 1425),
334 722 1499 769 Bolzen mit Gemindezapfen. (DT 1426), Gecßstantmutteen (DT 1428), Hut-
335 762 1497 810 muttern (DT 1429), Berfcblußmutteen, Verſchraubungen (DT 1430), Robr-
334 803 1499 848 verfchraubungen, Muffen, Gewindebuchfen, Gewindeflanfcen, Spindeln und
334 848 1355 885 Wellen. -
285 907 1498 955 K: Gewindearten und -formen. Notwendigkeit der. Berückſichtigung der
286 954 1498 1003 Gewindenorrentahbellen bei der Herſtellung der Gewinde. Abhängigkeit der
287 996 1499 1047 Gewindeformen vom Werkſtoff bzw. Spannwinkel des verwendeten Ge-
286 1043 1499 1094 windeſtahles. Schneidformen der Gewindeſtähle. Unterſchiede zwiſchen
284 1090 1498 1139 fehlerhaften und guten Gewinden. Grundlagen der Wechfelräberberechnung.
286 1136 1498 1186 Schneidenformen der Gewindeſtähle. Möglichkeiten der Stahlzuſtellung und
283 1182 1498 1232 ihre Vor- und Nachteile. Bedeutung des Gewindeauslaufs und des Hinter-
284 1229 737 1276 ſehens für die Arbeit8zeit.
284 1377 515 1423 Formdrehen
284 1438 1497 1491 F: Gefeuümmte Flächen an Werkſtücken und aus dem Vollen durch Form-
283 1485 1497 1534 drehen, und zwar durch Einſtechen mit dem Formſtahl oder Durch Auskurbeln
283 1526 714 1578 nach Schablone herſtellen.
333 1616 1497 1667 Arbeitsbeiſpiele: Fnopfdectel, Sentlote, ugeltnöpfe (DT 1420), Sinopf:
332 1657 1496 1706 bolzen, Schraubenenden, Sutmuttern (DT 1429), fugelderkel, Bandräbder, Geil:
332 1699 1496 1767 trommeln, Rugeln, boble und ballige Leiteollen, Sodlfehlen verſchiedenſter Art.
285 1771 1496 1823 K: Bearbeitung der Werkſtücke durch Formdrehen erfordert Formſtähle mit
283 1815 1495 1866 breiter Schneidfläche, Notwendigkeit beſonderer Beachtung von Schnitt-
284 1861 1495 1912 geſchwindigkeit, Vorſchub und Kühlmittel zue Vermeidung von Erſchüt-
283 1906 1495 1959 terungen und dadurch bedingten Rattermarken auf dem Werkſtück. Er:
283 1954 1495 2004 fordernis beſonderer. Sorgfalt beim Anftellen und Führen des Bearbei-
283 2004 565 2048 tungsmerkzeuges.
286 2064 327 2103 18
