1654 2339
282 136 1497 182 K: Arten der Reibahlen und ihre Behandlung. Schnittgefchwindigkeit und Vorſchub
281 178 1496 229 beim Reiben. Notwendigkeit der Verwendung geeigneter Schmiermittel. Erhöhung
281 221 1494 270 des Kraftbebarfs beim Reiben burch große Werkſtoffzugabenz fehnelle Abnußung
282 262 630 307 der ſcharfen Schneiden.
282 366 415 407 Senken
279 416 1492 461 F: Beſeitigen von Grat mit dem Krauskopf. Senken von Bohrlöchern für Senf:
280 455 1305 503 und Zylinderkopfſchraguben ſowie Lon Nieten mit Senkern. Zentrieren.
329 514 1494 556 Arbeitsbeifpiele: Sentungen für Iylindertopfr, Linſentopf- und Sentſchrauben (DT 5503)
328 543 856 583 fowtie für Ttiete (DT 5519). Sentrierungen.
280 595 1494 642 K: Xrten und Anwendungsmöglichkeiten der Senker ſowie Zentrierſenker. Geeignete
280 638 691 682 Schmiermittel zum Senken.
279 739 780 784 Gewindeſchneiden von Hand
277 791 1490 837 F: Snnengewinde mit Gewindebohrerſäßen oder Mutterbohrern unter Verwendung
279 832 1492 877 doppelarmiger und einarmiger Windeiſen, Außengewinde mit Gewindekluppe oder
278 871 1490 920 Schneibeifen auf Schraubenbolzen u, a. m. ſchneiden. Borfchneider genau in Länge:
278 914 1490 962 achſe des gebohrten Loches einſeßen, auf gerade Führung achten, Mittel: und Nach:
276 955 1490 1004 Schneider vorſichtig in die vorgeſchnittenen Gänge einſetzen. Beftfigende Bohrer durch
277 997 1071 1044 vorſichtiges Zurückdrehen löſen und Späne entfernen.
278 1040 1490 1088 Gewindekluppe oder Schneideiſen gerade auſſeßen, Bolzen anfaſen, Schneidbaden
276 1083 1101 1128 leicht anziehen und bei folgenden Schnitten enger ſtellen.
343 1145 1479 1181 rbeitsbeiſpiele: Innengewinde in Flachftahl (DT 5503). Bleche (UT 5514) und W-
334 1174 1489 1205 Fr -- —_— —- n mE Mr INCITE 3E FMS A m mn Tr
327 1202 458 1235 Gewinden,
274 1251 1476 1296 > _stftehung ine Tomindr Gewindearter. un? former ee
273 1292 1485 1338 arbeit8weiſe der Sat: und "tterbonses, #emindefluppen un® ©...
274 1334 1059 1380 -«wendigkei1 HLerwenvws . = Schmiermittol-
271 1442 553 1487 Richten, Biegen
269 1493 1486 1541 F: Richten von Blechen, Flach- oder Formſtahl auf der Richtplatte. Kalte und Warm-
270 1535 926 1582 biegen von Formſtahl, Bandſtahl und Rohr.
320 1594 1482 1634 Urbeitsbeifpiele: Kichten von Blecjen (DT 5512, 5515), Bandjtahl (DT 5518, 5521) und
319 1622 1481 1665 Runöjtahr. Biegen von Banójtaÿl (DT 5518), Runójtaÿt (DT 5522), Bledjen (DT 5527, 5528),
318 1650 1480 1693 und Rohren (DT 5517). Ridjt- und Biegearbeiten an weiteren Arbeiten des Grunölehtganges.
268 1701 1479 1767 K: Erklärung des Stredeng und Stauchens. Werkzeuge und Meßmerkzeuge für das
266 1741 487 1787 Nichten. .
267 1785 1477 1831 Beim Biegen Erläuterung der ſpanloſen Formung auf Grund der Bildſamkeit des
266 1825 1478 1874 Werkſtoffes durch Stoß-, Schlag- und Drudiwirkfung im kalten und warmen Zu-
266 1867 1477 1915 ſtand. Einfluß der Dehnbarkeit des Werkſtoffes auf die Möglichkeit des Biegens.
266 1910 1477 1957 Erhöhung der Dehnbarkeit durch Ermärmung. Einreißen des Werkſtückes an der
265 1951 956 1999 außenliegenden Faſer bei geringer Dehnbarkeit,
265 1992 1476 2042 Berückſichtigung der Längenänderung beim Biegen. Bedeutung der neutralen Faſer.
265 2045 309 2085 12
