2481 3508
65 271 2091 358 Von der Tätigkeiteines Hilfsarbeiters bei Aſphaltabdichtungsarbeiten unter-
64 346 2085 431 ſcheidet fich die Tätigkeit des Aſphaltabdichtersinſofern,als der Hilfsarbeiter
63 420 2087 508 bei Aſphaltabdichtungsarbeiten eine oder nur wenige einfache Arbeiten,
63 495 2083 578 die er auf dem Weg einer nur kurzen Anlernung erwerben kann, ausführt.
66 712 920 810 Gliederung der Ausbildung
64 830 2082 915 Da Jugendliche bis zur Vollendung des 18. Lebensjahres grund\äßlich einer
65 903 2084 986 erzieheriſchen Betreuung bedürfen, fo können fich die erzieheriſchen Maß-
64 978 2083 1058 nahmen im Rahmen der Ausbildungszeit nicht auf den Zeitabſchnitt der
65 1048 2083 1132 praktiſchen Berufsausbildung beſchranken, ſondern müſſen auch auf dre
65 1125 2082 1205 Davor- bzw. dahinterliegende Zeit bis zur Vollendung des 18. Lebens-
63 1198 804 1270 jahres auggedehnt werden.
63 1298 2082 1380 In dieſer auf vier zZzahre begrenzten Zeit können drei Hauptabſchnitte
64 1371 2085 1456 (1.,2., 3.) in der Gliederung der Ausbildung auftreten, je nachdem der
64 1445 2084 1527 Beginn der praktiſchen Berufsausbildung im Alter von 16 (A), 15 (B)
65 1518 2083 1597 oder 14 (C) Jahren einſeßt, wobei gleichzeitig wieder die drei folgenden
63 1587 2082 1669 Möglichkeiten A bis C hinſichtlich der Reihenfolge zu unterſcheiden find:
510 1724 2083 1806 ' A. 1. Vorbereitung (allgemeine Arbeitserziehung) im
690 1799 1118 1872 Arbeitsvertrag.
622 1885 2082 1970 2. Praktiſche Berufsausbildung im Ausbildungs-
689 1971 913 2032 pertrag.
127 2051 2081 2142 Zugleich B. 1. Vorbereitung (allgemeine Arbeitserziehung) im
127 2135 1119 2229 Berufs- Arbeitsvertrag.
105 2220 2080 2318 erziehung , 2. Praktiſche Berufsausbildung im Ausbildungs-
60 2305 2078 2408 in allen drei vertrag. , , ,
61 2380 2079 2491 Abſchnitten: 3. Betreuung nach der praktiſchen Ausbildung bei
690 2456 1896 2529 Ausübung des Berufes im Arbeitsvertrag.
539 2555 2077 2633 C 1 Praktiſche Berufsausbildung 1m Aush1ldungs-
687 2641 913 2703 pertrag.
622 2716 2081 2792 2 Betreuung nach der praktiſchen Ausbildung ber
507 2790 1899 2864 L Ausübung des Berufes im Arbeitsvertrag.
53 2916 2080 2998 Tritt z. B. der Jugendliche im Alter von 16 Jahren in die praktiſche Bez
59 2985 2080 3063 rufsausbildung ein, fo muß vorausgeſeßt werden, daß er in den beiden
58 3061 2077 3133 vorausgehenden Jahren, in denen er entweder im ausbildenden Betrieb
68 3131 2078 3209 oder anderweitig im Arbeits- bzw. Erziehung8verhältnis ſtand, in ent-
58 3203 2077 3283 ſprechender Weiſe eine Arbeitserziehung erhalten hat, wie fie grundſätlich
63 3277 1230 3351 allen Jugendlichen vermittelt werden ſoll.
59 3378 2079 3463 Sofern der Jugendliche bereits im Alter von 14 Jahren eingeſtellt wird,
