2481 3508
305 231 2129 358 Berufsbild des Aſphaltabdichters
828 387 1598 455 (für die praktiſche Ausbildung)
892 502 1535 570 Ausbildungszeit: 2 Jahre
306 597 2129 662 Das Berufsbild iſt für die Ausbildung Jugendlicher (14 bis 18 Jahre) verbindlich,
306 666 2128 732 auch dann, wenn ſich das Ende der Ausbildung mit dem 18. Lebensjahr überſchneidet.
306 934 1385 1027 Arbeitsgebiet des Aſphaltabdichters:
640 1054 2131 1123 Aufbereiten von Aſphaltabdichtungsmaſſen aller Art und. Bera
697 1125 1934 1194 arbeiten zu Aſphaltabdichtungen gegen Feuchtigkeit.
639 1195 1540 1262 Ausbeſſern von Aſphaltabdichtungen.
639 1265 1623 1332 Handhaben der Aufbereitung8maſchinen.
642 1334 2129 1402 Pflegen und Inſtandhalten der ArbeitSgeräte, Kocher, Maz
695 1404 1343 1471 ſchinen und Einrichtungen.
317 1590 2106 1675 Fertigkeiten, die in der Ausbildungszeit vermittelt werden ſollen:
303 1706 2129 1777 Notwendige: Kennenlernen der Werk- und Hilfsſtoffe, deren Eigenſchaften,
298 2908 599 2975 Erwünſchte:
699 1775 1890 1845 Verarbeitungs- und Verwendungsmöglichkeiten.
640 1849 832 1911 Meſſen.
640 1917 2126 1984 Zuſammenſeßen und Aufbereiten von Aſphaltabdichtungs-
698 1988 886 2051 maſſen.
641 2054 1293 2120 Prüfen von Temperaturen.
639 2124 1941 2192 Prüfen der Aufnahmeflächen für Aſphaltabdichtungen.
638 2193 1358 2260 Auftragen von Voranſtrichen.
636 2262 1762 2332 Auftragen kalter und warmer Aufſteichmaſſen.
636 2331 2125 2402 Herſtellen von Aſphaltabdichtungen an waagerechten, fent-
690 2399 1722 2468 rechten, ſchrägen und gekrümmten Flächen.
637 2468 1409 2535 Ausbilden von Dehnungsfugen.
635 2538 1609 2603 Aus8gießen und Verſpachteln von Fugen.
636 2604 1534 2670 Ausbeſſern von Aſphaltabdichtungen.
636 2674 2018 2739 Ausführen einfacher Betonierungs- und Stemmarbeiten.
635 2741 2122 2810 Pflegen und Inſtandhalten- der Arbeit8geräte, Kocher, Maz
689 2808 1333 2877 ſchinen und Einrichtungen.
635 2911 1754 2979 Ausführen einfacher Klebeabdichtungs8arbeiten.
635 2981 2065 3051 Anfertigen von Bauberichten und einfachen Aufmaßſkizzen.
635 3050 1606 3124 Herſtellen einfacher Aſphaltbodenbeläge.
