2481 3508
1047 178 2288 233 handelt, die nur Durch wiederholtes Üben hinreichend entwickelt werden
1046 226 2287 279 können. Die notwendige Berückſichtigung der im Einzelfall gegebenen be-
1048 271 2289 323 trieblichen Verhältniſſe bedingt es, unter Einhaltung des Berufsbildes ver-
1047 312 2287 367 ſchiedene Möglichkeiten für die Durchführung der praktiſchen Berufsgaus-
1048 359 2289 413 bildung vorzuſehen und möglichſt mehrere Beiſpiele ſolcher Zeitpläne zu
1050 410 1160 456 geben.
998 530 1436 587 7. Ausbildungsvertrag
1049 602 2291 655 Die praktiſche Berufsausbildung des Aſphaltabdichters erfolgt auf der
1052 647 2292 699 Grundlage eines Ausbildungsvertrages, der den Betriebsführer und den
1051 691 2291 746 Jugendlichen zur Durchführung der Erziehung und der praktiſchen Aus-
1050 736 2054 789 bildung nah den Angaben des Berufsbildes verpflichtet.
1000 862 1370 917 8. Abſchlußzeugnis
1053 932 2292 984 Nach Beendigung der praktiſchen Berufsausbildung erhält der Aſphalt-
1054 976 2293 1028 abdichter ein Abſchlußzeugnis, das vom Betrieb auf Grund einer Über-
1055 1019 2293 1074 prüfung der erworbenen Fertigkeiten und Kenntniſſe ausgeſtellt wird.
