1166 1654
149 129 1017 169 BERUFSAUSBILDUNG IN DER INDUSTRIE
434 176 734 213 Jugendlichen-Ausbildung
162 376 1003 449 Berufseignungsanforderungen
360 471 806 508 für den Eintritt in den Anlernberuf
339 540 820 613 Asphaltabdichter
489 681 671 709 bearbeitet vom
209 735 955 775 Reichsinstitut für Berufsausbildung in Handel und Gewerbe
239 768 925 802 Gemeinschaftsorgan der Organisation der gewerblichen Wirtschaft
416 793 744 826 und der Deutschen Arbeitsfront
273 899 889 934 Im Sinne der Erlasse des Reichswirtschaftsministers
398 933 761 968 vom 13. 2. 1939 und 5. 7. 1939
424 966 736 997 im Einvernehmen mit der
247 997 914 1034 Arbeitsgemeinschaft der Industrie- und Handelskammern
389 1034 771 1066 in der Reichswirtschaftskammer
314 1063 844 1101 für die Ausbildung in industriellen Betrieben
329 1096 833 1133 am 8. September 1942 anerkannt durch die
442 1132 715 1165 Reichsgruppe Industrie
443 1238 713 1270 Stand vom 25. März 1942
145 1412 1009 1453 Verlag und Druck von B.G.Teubner in Leipzig und Berlin
481 1496 670 1535 Best.Nr. E 661.11
