1748 2481
351 257 1381 304 BERUFSBILD DES DAMENSCHNEIDERS
367 353 1364 395 Für die praktische Ausbildung in der Bekleidungsindustrie
563 302 1172 353 (DAMENSCHNEIDERIN)
210 498 509 537 Lehrzeit: 3 Jahre
211 575 454 617 Arbeitsgebiet:
418 625 1526 668 Zuschneiden, Nähen und Fertigstellen von Kleidern, Blusen, Kostümen
446 664 1212 699 und Mänteln auch nach zeichnerischen Entwürfen.
421 695 1526 734 Pflegen und Instandhalten der Arbeitsgeräte, Maschinen und Einrichtungen.
214 768 1397 811 Fertigkeiten und Kenntnisse, die in der Lehrzeit zu vermitteln sind:
211 835 1527 873 Notwendige: Kennenlernen der Werk- und Hilfsstoffe, ihrer Eigenschaften, Verwen-
217 1574 405 1610 Erwünschte:
447 871 1061 909 dungs- und Verarbeitungsmöglichkeiten.
420 906 1274 943 Kennenlernen der Grundform der weiblichen Kleidung.
420 939 1317 977 Kennenlernen der Schnittformen und des Schnittauflegens.
420 975 954 1016 Vorrichten, Vorlieften, Vorstecken.
421 1012 911 1048 Kennenlernen der Größenmaße.
421 1053 542 1084 Messen.
423 1081 1280 1118 An- und Aufzeichnen und Ausschneiden einzelner Teile.
422 1117 1114 1154 Handnähen in den verschiedenen Sticharten.
422 1153 678 1185 Maschinennähen.
422 1187 1012 1224 Knopflöcher, Schnürlöcher und Riegel.
425 1222 974 1259 Schürzen von Hand und maschinell.
424 1256 1529 1294 Herstellen und Anarbeiten des Zubehörs und des modischen Aufputzes.
424 1293 734 1329 Vor- und Abbügeln.
424 1327 946 1364 Handhaben von Spezialmaschinen.
424 1364 753 1399 Aufteilen des Stoffes.
424 1398 800 1434 Einfaches Werkzeichnen.
425 1431 1532 1469 Herstellen von Blusen und Kleidern oder Kostümen und Mänteln, auch
450 1471 930 1504 nach zeichnerischen Entwürfen.
426 1501 1530 1540 Pflegen und Instandhalten der Arbeitsgeräte, Maschinen und Einrichtungen.
426 1572 1102 1609 Bei der Ausbildung im Nähen von Kleidern:
451 1608 1170 1644 Einfache Arbeiten an Mänteln und umgekehrt.
222 2337 1531 2374 W. Bertelsmann Verlag KG Bielefeld Bestell-Nr. 12.50.011.81a (anerkannt 1941)
